2634 3710
206 365 400 418 XVIII
1123 378 1460 416 PRAErArio.

209 528 375 579 etiam
412 526 582 579 verba
625 526 680 577 in
716 521 1044 591 fragmentis
1090 520 1436 573 occurrunt:¹
1490 520 1575 570 De
1619 519 1871 571 ordinibus
1914 529 1960 571 et
1991 519 2266 571 mmirzibus
2299 538 2388 572 ηυ-

209 623 454 694 merisque
509 621 719 674 tribuum
765 626 910 688 atque
953 617 1161 669 militum
1208 617 1308 668 iam
1351 616 1403 666 in
1447 614 1707 685 prioribus
1752 613 1894 666 libris
1937 617 2069 678 dim}
2118 635 2284 668 verum
2328 617 2386 668 de

212 719 456 791 equitibus
491 737 588 770 non
623 717 864 775 omittam,
901 732 1022 785 quos
1065 713 1367 784 Tarquinius
1402 713 1471 764 ita
1506 712 1782 771 constituit,
1818 720 1872 762 ut
1905 720 2008 764 etc.
2068 710 2286 776 Quibus
2318 731 2384 764 ex

211 815 396 868 verbis
444 814 751 884 colligitur,
807 810 1076 864 Granium
1126 819 1377 862 nostrum
1432 810 1487 860 in
1538 807 1816 878 prioribus
1865 806 2021 859 libris
2064 826 2151 861 res
2200 816 2388 880 gestas

209 931 403 984 regum
440 911 816 964 Romanorum
863 926 1174 971 enarrasse,
1220 906 1274 958 id
1314 905 1461 975 quod
1511 906 1619 956 iam
1666 923 1730 956 ex
1776 905 1900 974 ipso
1944 923 2172 957 munero
2216 906 2386 958 libro-

210 1028 332 1061 rum
382 1026 522 1078 quos
569 1006 902 1075 conscripsit
956 1005 1067 1057 veri
1112 1002 1459 1055 simillimum
1507 1009 1605 1053 est.
1693 1001 1837 1053 Nam
1882 1000 2039 1053 libris
2087 1001 2387 1055 Annalium

212 1106 743 1156 XXVIII—XXXVI
793 1120 961 1172 quum
1010 1118 1188 1153 annos
1227 1118 1273 1151 a.
1302 1098 1367 1151 U.
1398 1117 1442 1151 c.
1476 1100 1809 1162 592—676,
1863 1098 1969 1150 hoc
2022 1106 2109 1150 est
2154 1106 2390 1168 quatuor

214 1212 269 1254 et
303 1202 591 1271 octoginta
626 1218 818 1263 annOS,
855 1197 1183 1250 absolverit:
1221 1196 1417 1248 horum
1456 1214 1600 1247 unus
1636 1196 1873 1265 quisque
1907 1213 2107 1246 novem
2143 1194 2254 1247 fere
2290 1213 2390 1247 an-

213 1317 409 1350 norum
448 1298 686 1367 spatium
727 1294 1130 1364 complectitur.
1208 1292 1279 1345 Et
1318 1293 1390 1357 si,
1443 1292 1592 1362 quod
1639 1290 1786 1344 haud
1832 1290 2201 1361 improbabile
2237 1289 2390 1344 vide-

216 1403 327 1460 tur,
387 1394 711 1463 scriptorem
770 1401 1021 1444 nostrum
1082 1410 1167 1443 res
1217 1409 1317 1442 sua
1371 1397 1551 1442 aetate
1600 1399 1790 1459 gestas
1844 1388 2035 1458 paullo
2078 1389 2390 1441 accuratius

215 1492 541 1543 tractavisse
579 1508 745 1560 quani
783 1490 1089 1542 vetustiora
1124 1489 1439 1553 statumine,
1477 1488 1530 1538 in
1569 1484 1726 1537 libris
1757 1484 2034 1556 prioribus
2073 1488 2391 1549 1-XXVII,

216 1589 324 1640 iam
357 1587 683 1659 deperditis,
729 1605 815 1639 res
848 1586 1130 1638 Romanas
1166 1585 1294 1637 inde
1330 1583 1402 1636 ab
1438 1584 1596 1636 initio
1632 1582 1795 1634 facile
1835 1600 2146 1652 percurrere
2182 1583 2391 1651 potuit3

216 1703 342 1736 nam
383 1686 427 1736 si
458 1686 635 1737 annos
656 1685 764 1735 ΜΝ)
801 1683 1000 1753 viginti
1031 1691 1242 1752 septem
1274 1680 1431 1733 libris
1463 1678 1830 1740 distribueris,
1871 1679 2068 1749 viginti
2091 1678 2228 1731 ferre
2258 1679 2390 1731 anni

219 1781 458 1851 singulis
494 1780 772 1833 tribuendi
812 1787 957 1832 sunt.

419 1876 525 1931 Sed
571 1877 638 1930 de
682 1878 857 1930 altero
898 1875 1200 1929 Annalium
1248 1874 1485 1927 termino
1531 1871 1665 1943 quid
1711 1879 2025 1924 statuamus
2069 1871 2174 1923 etsi
2207 1870 2391 1922 minus

219 1982 462 2040 constat,
507 1982 693 2027 tamen
731 1973 999 2027 Granium
1046 1979 1297 2024 nostruin
1345 1977 1441 2023 aut
1476 1968 1544 2022 G.
1579 1968 1738 2021 <Iulio
1774 1965 2010 2022 Caesare
2046 1968 2255 2032 occiso,
2298 1973 2396 2019 aut

219 2071 442 2124 demum
487 2078 617 2141 post
652 2071 937 2123 Actiacam
979 2069 1268 2121 victoriam
1313 2064 1606 2119 scribendo
1643 2066 1811 2118 finem
1852 2064 2187 2135 imposuisse
2222 2063 2396 2115 conii-

221 2186 340 2220 oere
386 2167 530 2220 licet.
608 2166 700 2219 Ab
743 2168 894 2219 exitu
939 2167 1086 2218 enim
1132 2165 1193 2218 L.
1231 2163 1451 2217 Cornel.
1497 2161 1710 2228 Sullae,
1758 2164 1875 2215 sive
1922 2180 1955 2214 a
1997 2159 2147 2212 bello
2181 2159 2394 2230 Lepidi,

219 2283 397 2335 usque
432 2264 501 2316 ad
539 2271 774 2316 mortem
813 2262 1068 2315 Caesaris
1104 2262 1234 2314 anni
1270 2261 1586 2330 effugerunt
1626 2261 1722 2323 33,
1759 2276 1901 2328 quos
1936 2276 2036 2328 pro
2071 2257 2282 2309 ratione
2316 2274 2397 2325 ea,

222 2380 387 2432 quam
426 2379 594 2432 supra
628 2360 1004 2431 exposuimus
1041 2367 1278 2430 quatuor
1306 2356 1464 2410 libris
1494 2356 1741 2410 Granius
1772 2353 1936 2407 facile
1963 2352 2260 2423 complecti
2296 2371 2398 2423 po-

221 2465 376 2511 terat.
463 2458 588 2511 Hoc
635 2465 822 2510 autem
868 2457 914 2508 si
961 2456 1308 2521 conceditur,
1352 2453 1603 2507 Annales
1640 2453 1760 2505 eius
1794 2450 1996 2520 integri
2032 2449 2402 2521 quadraginta

223 2556 357 2608 olim
394 2553 568 2607 libros
606 2553 984 2619 continebant,
1021 2552 1170 2624 quod
1207 2551 1449 2623 quidem,
1484 2550 1541 2602 ni
1577 2547 1757 2613 fallor,
1793 2547 1974 2618 magis
2009 2546 2193 2616 placet
2229 2564 2398 2617 quam

224 2654 397 2706 altera
431 2651 531 2704 illa
565 2652 906 2715 coniectura,
953 2667 1019 2702 ex
1056 2668 1167 2720 qua
1210 2648 1279 2701 ad
1324 2664 1573 2718 pugnam
1607 2661 1784 2714 usque
1820 2642 2108 2695 Actiacam
2144 2649 2400 2696 nostrum

224 2749 563 2820 processisse
610 2746 966 2800 statuendum
1003 2746 1167 2811 foret,
1214 2763 1386 2816 quum
1420 2742 1491 2795 ad
1529 2741 1640 2794 tale
1676 2739 1966 2811 negotium
2001 2738 2414 2810 perficiendum:

226 2849 290 2899 41
341 2844 538 2897 saltem
586 2843 745 2896 libris
787 2861 929 2912 opus
975 2843 1187 2895 fuisset.
1269 2839 1450 2905 Quare
1498 2856 1602 2891 nos
1647 2836 1870 2907 quidem
1917 2835 2092 2890 Grani
2127 2833 2406 2890 Liciniani·

226 2940 475 2995 Annales
511 2939 583 2992 ab
617 2938 767 2992 Urbe
803 2938 1030 2991 condita
1061 2956 1238 3008 usque
1274 2935 1343 2988 ad
1381 2952 1588 2988 annum
1627 2934 1735 2985 709
1769 2931 1846 3001 (a.
1879 2931 2007 2986 Chr.
2042 2952 2095 2985 n.
2126 2932 2232 3003 45)
2269 2946 2399 3001 pro-

227 3039 425 3090 ductos
459 3036 633 3089 fuisse
667 3034 955 3087 credimus,

355 3155 392 3201 l)
426 3154 488 3191 sol.
513 3149 570 3193 11'
598 3153 665 3190 col.
686 3154 718 3189 A
739 3162 828 3188 extr.
851 3164 929 3200 sqq.
961 3158 1064 3200 (pag.
1085 3154 1144 3197 4).
