2634 3710
18 1484 59 1516 A.
76 1484 118 1516 U.
133 1483 172 1516 C.

50 1531 128 1563 592.

2 1579 14 1595 ⁸
28 1576 140 1609 fol.1o
152 1587 176 1609 r.

26 2199 39 2213 ⁸
57 2199 130 2232 (tol.
146 2202 177 2230 2.

186 417 260 469 30
929 432 1075 471 GRANI
1105 430 1327 470 LlclNlANJ
1357 431 1448 469 Llss.
1482 430 1638 468 xxvm.

186 584 238 622 ut
276 610 438 622 ......
458 589 514 620 e.
537 573 614 620 ine
662 609 852 620 .......
870 581 1011 620 t....
1053 571 1104 619 in
1139 570 1334 618 Italiam
1368 569 1592 618 venirent
1628 607 1789 618 ......
1808 570 1933 620 elsos
1978 570 2103 620 dicet
2139 572 2375 621 coniicere

189 700 382 711 .......
400 662 584 710 amenis
630 660 843 710 Castoris
890 669 937 709 et
978 660 1192 708 Pollucis
1238 661 1511 709 simulacra.
1600 658 1749 708 Sirios
1796 676 1945 724 equos
1989 661 2170 710 habent
2213 662 2375 710 nullos

189 789 595 802 ..............
629 751 853 816 quamvis
890 751 995 799 sani
1032 750 1339 799 admonuisse
1476 787 1486 797 .
1507 749 1606 798 scio
1651 766 1772 814 quos
1808 748 2077 814 Spartiatae
2110 751 2375 800 Arnidaei‘¹

186 852 233 891 et
272 842 471 908 quidam
509 841 821 894 Ἀνιπποστος
865 840 943 889 die
986 840 1140 888 natali
1186 845 1496 893 Καλλιππους
1540 839 1754 904 appellat
1798 838 2083 900 Flexuntes,
2127 857 2156 888 a
2199 858 2374 906 genere

188 932 472 981 Pniidilium
515 930 644 996 quod
696 947 866 995 regum
900 930 1142 981 vocabant
1189 929 1285 978 ..d
1305 967 1315 977 .
1360 939 1407 978 et
1441 946 1589 994 quam
1626 928 1854 994 epiphion
1998 945 2087 976 ve.
2111 930 2213 979 ‚nit
2246 949 2275 979 a
2308 932 2374 980 ris

1065 1268 1126 1306 1-:x
1159 1268 1302 1306 muno
1337 1268 1490 1305 xxvm.

1250 1376 1315 1426 Π.

200 1509 240 1519 ..
262 1509 271 1518 .
295 1509 305 1518 .
343 1470 395 1519 Ρ.
431 1468 689 1518 Cornelius
725 1466 1014 1529 Lentulusb,
1049 1459 1156 1533 qui‘
1194 1478 1294 1516 erat
1338 1465 1509 1515 consul
1548 1475 1686 1513 eumc
1725 1465 1811 1514 Cu.
1850 1464 2060 1514 Domitio
2074 1466 2100 1526 ¹,
2152 1483 2250 1515 non
2285 1466 2378 1516 fuit

191 1559 483 1610 omittendus
498 1560 534 1622 d,
577 1575 692 1607 nam
729 1558 889 1607 clarus
924 1558 1000 1606 vir
1035 1558 1126 1606 fuit
1162 1566 1209 1606 et
1243 1574 1344 1606 rem
1380 1556 1627 1622 publicam
1662 1556 1797 1603 iuvit.

393 1649 608 1699 Praetori
655 1647 842 1696 urbano
893 1657 1088 1696 senatus
1132 1648 1351 1713 permisit
1397 1663 1570 1711 agrum
1615 1644 1941 1710 Campanum,
1995 1661 2140 1710 quem
2182 1661 2374 1695 omnem

189 1740 368 1806 privati
401 1738 728 1806 possidebant,
763 1743 1000 1786 coemeret
1035 1747 1112 1787 et⁰
1148 1737 1373 1804 publicus
1408 1738 1557 1796 fieret,
1590 1744 1638 1783 et
1673 1752 1972 1801 possessores
2000 1734 2235 1784 Lentulo²
2261 1753 2374 1784 eon·

190 1838 438 1880 cesserunt
470 1829 625 1896 pretia
660 1828 994 1891 constitueret,
1030 1845 1119 1877 nec
1155 1828 1329 1876 fefellit
1360 1826 1436 1874 vir
1471 1842 1668 1891 aequus.
1725 1843 1840 1873 nam
1875 1834 2010 1874 tanta
2045 1825 2373 1875 moderatione

191 1937 307 1968 usus
342 1928 436 1982 est,
481 1927 535 1967 ut
569 1927 616 1967 et
650 1918 719 1966 rei
753 1917 977 1983 publicae
1013 1917 1265 1967 commoda
1301 1925 1347 1965 et
1382 1916 1749 1981 possessorumt'
1777 1923 2099 1981 temperaret-‘7
2136 1952 2272 1963 .....
2291 1914 2373 1964 iau

191 2009 288 2058 alia
314 2009 442 2058 idem
469 2009 531 2057 ad
558 2007 652 2056 ube
673 2045 684 2054 .
705 2045 716 2055 .
738 2045 749 2056 .
767 2045 778 2056 .
805 2008 922 2056 anui
948 2006 1330 2073 quinquaginta³
1350 2043 1555 2055 .......
1585 2015 1632 2053 et
1659 2022 1833 2071 agrum
1860 2005 1968 2072 u(?)
1994 2006 2045 2054 iu
2071 2014 2122 2054 ta
2141 2042 2303 2053 ......
2326 2023 2375 2053 m

191 2099 374 2148 invisos
420 2098 632 2147 divisum
668 2135 904 2146 ........
954 2107 1000 2146 et
1042 2115 1154 2146 eum
1197 2097 1248 2146 iu
1285 2094 1556 2145 dicionem?⁸
1597 2132 1932 2143 ...........
1954 2113 1980 2144 e
2023 2095 2177 2144 multo
2211 2094 2375 2160 plures

195 2225 526 2237 ...........
563 2204 645 2237 aes
664 2225 676 2236 .
697 2225 708 2236 .
729 2226 739 2236 .
759 2189 839 2238 ine
859 2226 868 2235 .
891 2225 901 2236 .
924 2226 934 2236 .
979 2187 1307 2252 ‘praepositus
1344 2184 1672 2252 recuperavit,
1719 2183 2021 2251 formamque
2061 2201 2290 2249 agrorum
2325 2185 2376 2234 in

194 2279 298 2327 aes*
333 2278 537 2327 incisam
574 2277 636 2326 ad
671 2277 955 2326 Libertatis⁴
987 2278 1136 2326 fixam
1172 2277 1379 2342 reliquit,
1416 2293 1563 2342 quam
1597 2284 1766 2341 postea
1801 2273 1938 2324 Sulla
1973 2274 2197 2340 corrupit.
2247 2274 2376 2323 idem

193 2377 356 2417 tamen
393 2366 553 2416 dotem
587 2366 718 2415 filiae
752 2367 883 2416 dedit
918 2367 1137 2416 sestertia
1170 2365 1331 2415 XXV.

309 2519 349 2562 η)
380 2520 475 2552 locus
500 2518 741 2562 difficillimus,
766 2529 865 2563 quem
889 2520 1123 2562 interpretari
1147 2530 1215 2551 non
1241 2519 1409 2551 vatemus.

195 2581 236 2626 d)
261 2580 486 2615 omittendum
511 2582 585 2613 cod.
669 2582 703 2623 e)
728 2592 772 2614 nn
795 2581 978 2623 avendum
1003 2582 1064 2614 ut?

195 2643 235 2687 11)
260 2645 310 2677 cic
333 2644 487 2686 sortasse
512 2643 704 2686 leyendum.

1525 2515 1561 2558 b)
1593 2526 1716 2550 ’nomen
1739 2516 1909 2559 supplevi.

1139 2582 1177 2625 Ῑ)
1202 2578 1489 2625 pos[se]ssionem
1514 2579 1590 2613 cod.
1669 2578 1710 2622 9)
1735 2583 1905 2622 temperas
1932 2601 1940 2609 .
1955 2601 1964 2610 .

796 2642 835 2685 i]
860 2654 918 2676 aes
943 2645 1143 2687 scripsimus
1168 2655 1241 2676 cum
1268 2643 1328 2683 M;
1354 2647 1405 2674 cst
1429 2646 1466 2673 ut
1492 2641 1630 2674 videtur
1654 2641 1729 2674 cod.

2025 2514 2061 2558 c)
2093 2515 2275 2548 consulum
2300 2515 2377 2548 cod.

1990 2577 2084 2619 ταώς
2110 2582 2304 2621 temperans
2326 2578 2378 2611 H.

281 2776 324 2832 1)
361 2775 440 2820 Cn.
467 2776 678 2820 Domitius
707 2776 1017 2820 Ahenobarbus
1045 2791 1131 2820 una
1159 2791 1254 2819 cum

194 2848 244 2892 P.
271 2846 470 2892 Cornelio
491 2849 673 2892 Lentulo
704 2849 851 2892 consul
873 2848 952 2892 fuit
980 2864 1018 2891 a.
1035 2849 1132 2903 592,
1161 2850 1253 2892 loco

195 2920 246 2963 P.
277 2919 404 2964 Corn.
436 2918 648 2977 Scipionis
679 2927 721 2964 et
750 2921 798 2965 C.
815 2920 968 2964 Marcii
996 2921 1152 2979 Figuli,
1183 2921 1255 2979 qui

197 2991 299 3035 vitio
328 2992 428 3035 facti
457 2992 720 3035 abdicarunt.

280 3065 326 3121 2)
358 3064 447 3107 scil.
474 3064 526 3107 P.
558 3063 687 3107 Com.
716 3063 910 3119 Lentulo,
939 3064 1126 3108 eiusdem
1155 3065 1256 3108 anni

199 3136 373 3179 consuli.
410 3135 500 3180 Sed
520 3135 619 3178 vide
646 3151 754 3193 quae
774 3136 848 3179 lib.
865 3137 1011 3191 XLII,
1028 3137 1078 3180 19
1107 3137 1256 3180 Livius

197 3215 357 3262 narrat,
395 3208 466 3266 qui
494 3222 644 3265 agrum
674 3207 939 3266 Campanum
967 3224 1043 3266 per
1071 3209 1260 3266 recogni-

199 3279 355 3323 tionem
396 3279 446 3323 L.
478 3279 684 3322 Postumii
719 3279 912 3324 Consulis
951 3295 989 3323 a.
1024 3281 1105 3324 581
1142 3295 1261 3324 recu·

1323 2782 1518 2834 peratum
1559 2775 1689 2818 fuisse
1722 2772 1867 2826 tradit,
1906 2772 2019 2815 haud
2059 2771 2185 2816 dubie
2227 2773 2281 2816 de
2316 2787 2381 2816 es.-

1324 2848 1420 2891 dem
1460 2863 1507 2891 re
1544 2847 1743 2904 loquutus
1782 2844 1905 2887 sicuti
1945 2851 2091 2888 monet
2130 2844 2381 2889 Theodorus

1322 2919 1576 2964 Mommsen.

1408 2992 1456 3048 3)
1489 2989 1713 3048 Loquitur,
1744 2996 1791 3032 ut
1811 2989 2047 3033 Mommsen
2078 2989 2215 3044 docet,
2244 2988 2298 3031 de
2325 2988 2382 3031 50

1325 3064 1445 3107 annis
1476 3063 1548 3121 qui
1575 3063 1686 3106 inter
1713 3070 2004 3120 recuperatam
2033 3077 2059 3105 a
2081 3060 2285 3105 Romanis
2304 3058 2382 3102 08·

1324 3151 1453 3194 puam
1483 3135 1539 3190 (a.
1560 3134 1655 3189 543,
1686 3135 1762 3177 cfr.
1790 3135 1958 3178 Livium
1986 3134 2094 3177 libro
2114 3130 2284 3183 XXVI,
2308 3127 2381 3182 16)

1325 3215 1368 3252 et
1396 3209 1446 3252 P.
1474 3207 1602 3252 Corn.
1623 3206 1794 3250 Lentuli
1823 3206 2084 3250 consulatum
2105 3198 2380 3247 intercedunt.

1407 3280 1456 3335 4)
1488 3279 1576 3323 scil.
1607 3279 1767 3323 aedem.
