2634 3710
1158 361 1489 400 PRAEFATm.
2305 339 2409 393 XV

220 514 327 566 676
362 515 552 580 gestas
590 507 910 578 composuit
954 513 1010 559 et
1045 503 1372 557 absolutum
1417 502 1592 556 fuisse
1636 510 1691 556 et
1732 503 1948 555 auctori
1982 511 2175 554 nostro
2214 519 2413 571 perno-

219 609 396 662 tuisse
433 604 684 675 sequitur
723 637 796 642 —
842 604 953 656 nisi
987 602 1130 655 forte
1168 598 1470 669 Granium,
1511 619 1687 672 quum
1722 600 1834 652 iam
1870 603 2035 650 antea
2071 615 2212 669 opus
2251 617 2413 651 suum

218 702 675 773 conscripsisset,
724 700 957 755 Sallusti
991 698 1337 751 mentionem
1370 703 1571 768 postea
1604 697 1865 750 intulisse
1902 695 2261 748 statuendum
2297 696 2413 748 erit.

219 798 375 866 Quae
411 806 540 852 utut
579 817 638 851 se
673 798 908 865 habent,
952 804 1143 850 tamen
1175 796 1538 866 perspicuum
1574 801 1684 862 est,
1717 793 1970 848 Annales
2006 799 2230 846 nostros
2268 800 2413 846 certe

217 916 352 951 non
386 903 547 950 ante
583 915 833 949 annum
869 914 916 948 a.
951 893 1019 948 U.
1057 911 1101 946 c.
1136 894 1245 945 714
1275 892 1386 945 vel
1424 893 1530 946 715
1568 890 1639 964 (a.
1676 889 1804 946 Chr.
1823 892 1896 944 40
1930 889 2023 942 vel
2056 888 2174 961 39),
2212 889 2413 943 confici

216 995 498 1066 potuisse,
547 1012 657 1065 quo
693 999 944 1063 tempore
990 988 1291 1044 Sallustius
1327 989 1609 1043 Historias
1660 988 1900 1042 scribere
1936 1006 2238 1059 aggressus
2270 986 2412 1053 est13

218 1093 355 1164 quin
398 1092 567 1144 etiam
609 1089 726 1142 veri
762 1088 1001 1143 similius
1036 1086 1281 1154 videtur,
1327 1106 1423 1140 eos
1470 1087 1689 1158 aliquot
1734 1085 1935 1139 saltem
1983 1104 2162 1139 annos
2198 1092 2411 1156 postea,

218 1197 275 1242 et
311 1189 550 1242 fortasse
585 1187 920 1258 etiampost
950 1191 1189 1238 mortem
1211 1183 1460 1252 Sallusti,
1498 1185 1615 1238 sive
1651 1190 1783 1255 post
1818 1203 2029 1237 annum
2063 1203 2110 1237 a.
2138 1183 2204 1237 U.
2225 1179 2285 1235 C.
2308 1184 2412 1233 720

218 1286 299 1357 (a.
341 1283 472 1339 Chr.
507 1305 561 1338 n.
593 1283 718 1357 35),
765 1282 1024 1337 conditos
1067 1281 1266 1349 fuisse,
1312 1283 1419 1335 etsi
1461 1281 1634 1336 Verba
1674 1281 1981 1334 Liciniani:
2032 1281 2245 1334 Sallusti
2289 1298 2412 1348 opu-s·

217 1383 357 1436 nobi-s·
393 1383 610 1457 occurrit
645 1387 859 1435 certum
893 1380 1164 1451 temporis
1199 1385 1550 1433 momentum
1585 1399 1700 1433 non
1735 1378 2002 1432 indicant.

416 1477 656 1533 Constat
689 1479 860 1551 igitur
893 1477 1171 1545 AnnaleS,
1203 1476 1272 1529 de
1310 1476 1516 1548 quibus
1552 1476 1798 1548 agimus,
1832 1483 1965 1548 post
2001 1473 2234 1530 Sallusti
2269 1488 2411 1542 opus

217 1579 397 1632 editos
441 1577 640 1646 fuisse3
685 1594 868 1648 neque
911 1593 1042 1628 vero
1087 1575 1425 1628 recentiores
1473 1593 1596 1628 esse
1641 1593 1809 1646 quam
1847 1575 2011 1628 Titus
2055 1572 2250 1627 Livius
2299 1574 2411 1621 sta-

215 1673 410 1727 tuendi
446 1680 592 1727 sunt.
660 1673 809 1727 Nam
845 1680 902 1726 et
939 1672 1121 1740 stilus,
1157 1672 1265 1725 etsi
1298 1672 1551 1744 vigorem
1587 1671 1760 1726 habet
1797 1678 1853 1725 et
1887 1670 2235 1725 iucunditate
2273 1685 2410 1737 qua-

216 1770 347 1825 dam
381 1771 652 1843 impletus
689 1778 789 1839 est,
825 1771 1150 1842 incomptus
1184 1777 1376 1824 tamen
1411 1775 1580 1841 atque
1617 1769 1815 1824 durus:
1851 1772 1931 1823 ita
1964 1775 2027 1822 ut
2062 1767 2212 1821 haud
2246 1763 2409 1818 facile

215 1867 366 1922 credi
399 1870 595 1940 possit,
633 1868 810 1923 Grani
844 1867 1044 1935 libros,
1089 1874 1220 1939 post
1253 1867 1481 1922 Livium
1516 1868 1722 1936 editos,
1764 1867 1856 1921 vel
1892 1885 2068 1920 unum
2104 1865 2409 1918 alterumve

214 1965 484 2020 lectorem
529 1966 638 2020 sibi
684 1971 1106 2038 comparaturos
1154 1965 1344 2020 fuisse.
1423 1965 1685 2033 Accedit,
1741 1965 1893 2037 quod
1935 1964 2077 2017 ratio
2123 1962 2247 2028 illa,
2303 1977 2411 2029 qua

215 2062 460 2118 Granius
495 2070 688 2117 noster
720 2064 780 2116 in
814 2063 1050 2117 historia
1080 2062 1488 2118 conscribenda
1522 2064 1698 2116 utitur
1727 2083 1792 2116 ea
1827 2069 1928 2130 est,
1966 2080 2108 2134 quae
2142 2078 2256 2112 non
2294 2064 2406 2109 tam

215 2180 413 2215 causas
450 2168 506 2215 et
541 2167 777 2214 eventus
812 2180 996 2232 rerum
1031 2168 1317 2234 gestarum
1354 2161 1600 2233 explicat
1628 2179 1834 2232 easque
1866 2158 2176 2213 secundum
2204 2173 2406 2209 nexum

217 2260 313 2329 qui
356 2258 653 2312 intercedit
697 2259 966 2312 continua
1000 2261 1250 2313 oratione
1293 2259 1615 2331 legentibus
1651 2259 1907 2330 exponit,
1950 2275 2119 2328 quam
2157 2253 2410 2324 singulas

217 2374 315 2426 pro
350 2363 604 2428 tempore
642 2374 753 2427 quo
789 2363 982 2427 gestae
1020 2364 1153 2411 sunt
1189 2358 1506 2412 suis¹annis
1541 2356 1844 2424 distribuit,
1883 2357 1963 2408 ita
1990 2361 2054 2407 ut
2080 2372 2196 2406 non
2214 2351 2410 2404 Histo-

216 2453 326 2506 rias
362 2453 460 2507 sed
494 2452 747 2507 Annales
791 2455 983 2525 potius
1020 2455 1424 2527 conscripsisse
1458 2460 1651 2508 noster
1683 2452 2017 2507 iudicandus
2055 2452 2141 2505 sit.
2198 2448 2410 2502 Eadem

217 2569 347 2603 vero
381 2553 596 2605 ratione
632 2557 787 2604 ante
822 2550 1073 2622 Livium,
1119 2554 1167 2607 si
1201 2551 1535 2607 Sallustium
1581 2571 1711 2605 cum
1747 2551 1873 2604 aliis
1916 2550 2112 2622 paucis
2149 2548 2409 2618 excipias

217 2647 472 2702 historici
504 2648 746 2703 Romani
780 2667 869 2702 res
904 2656 1096 2722 gestas
1131 2650 1332 2722 populi
1367 2668 1564 2704 omnes
1598 2655 1932 2703 tractavere:
1974 2665 2276 2719 quemnam
2312 2664 2409 2697 au-

216 2752 332 2799 tem
378 2751 544 2816 putas
591 2745 866 2800 lectorum
918 2755 1080 2819 post
1122 2748 1349 2802 Livium
1400 2754 1517 2801 tam
1563 2746 1767 2818 frigido
1814 2746 2056 2817 exilique
2102 2762 2267 2815 opere
2314 2742 2409 2793 (16-

216 2841 412 2896 lectari
456 2842 751 2913 potuisse?
797 2863 1101 2916 quemnam
1145 2845 1387 2918 denique
1436 2845 1767 2916 scriptorem
1810 2845 1892 2897 ita
1924 2842 2302 2905 temerarium,
2348 2846 2410 2891 ut

215 2947 334 2994 tam
377 2940 667 3011 ingentem
702 2940 956 2996 laborem
992 2943 1327 3015 susciperet,
1381 2943 1430 2996 si
1472 2942 1736 2996 historias
1771 2942 1890 2996 Titi
1922 2940 2050 2994 Livi
2087 2946 2252 2993 antea
2285 2955 2408 3008 per-

214 3035 482 3109 legisset?
533 3037 792 3109 Denique
819 3046 1076 3093 nostrum
1105 3039 1268 3094 Livio
1304 3059 1364 3094 re
1390 3059 1522 3094 vera
1547 3046 1677 3094 ante
1707 3039 1902 3094 oculos
1929 3038 2118 3104 fuisse,
2157 3036 2218 3089 ni
2243 3033 2409 3088 fallor

213 3135 373 3189 locus
418 3133 516 3188 ille
561 3134 832 3202 ostendit,
880 3154 1047 3207 quem
1088 3137 1234 3191 infra
1277 3137 1373 3192 fol.
1401 3137 1496 3190 IX⁶
1543 3137 1612 3190 de
1656 3143 1835 3191 morte
1880 3134 1949 3190 G.
1985 3135 2147 3206 Papii
2185 3131 2406 3186 Μ1111112

336 3253 375 3302 1)
409 3252 487 3291 Cfr.
516 3251 667 3290 Sallust.
696 3251 754 3290 ed.
783 3251 906 3299 Kritz,
932 3252 1036 3304 Lips.
1065 3255 1182 3303 1856,
1209 3268 1294 3306 pag.
1314 3257 1375 3295 24.
1481 3256 1520 3305 2)
1547 3268 1630 3306 pag.
1651 3257 1700 3295 43
1720 3262 1809 3293 extr.
