2634 3710
881 472 1027 511 GRANI
1058 471 1284 510 LlclNlANl
1313 472 1403 509 ΜΒ.
1430 471 1573 509 xxxv.
2260 456 2327 507 41

134 629 180 669 et
215 617 356 667 liberi
390 606 720 662 redderentur.
780 621 1030 679 praeterea
1074 630 1226 660 naves
1261 612 1440 676 viginti
1486 611 1843 676 quinquaginta
1885 619 2035 659 tectas
2072 611 2331 661 instructas
2348 627 2390 660 A.
2403 627 2445 659 U.
2462 628 2499 660 c.

132 708 272 762 sociis
309 705 467 766 daret,
503 704 824 765 frumentum,
861 712 1048 751 vestem
1059 715 1102 765 ¹¹,
1138 701 1435 767 stipendium
1470 701 1573 765 ipse
1609 710 1889 766 praestaret.

333 796 433 844 Iisl’
468 796 573 861 ipse
608 794 916 843 Mithridates
949 811 1061 842 cum
1098 792 1236 841 Sulla
1273 800 1419 857 aput⁰
1461 790 1748 840 Dardanum
1784 791 2087 857 compositis,
2130 793 2298 841 relicta
2309 795 2330 826 ‘¹

130 889 306 949 classe,
351 886 507 951 gratia
544 902 570 933 e
604 902 656 933 re
691 884 970 946 conciliata,
1006 883 1425 932 Ariobardianenl
1461 890 1514 930 ut
1550 899 1745 930 servum
1780 882 1986 947 respuit,
2029 882 2083 929 in
2119 881 2329 931 Pontum

125 977 472 1044 proficiscitur,
519 992 596 1037 ac,
642 974 759 1022 dum
790 974 850 1022 de
882 973 1250 1022 condicionibus
1287 973 1606 1038 disceptatiu,
1641 973 1843 1021 Medos²
1879 981 1925 1020 et
1955 972 2210 1021 Dardanos
2247 974 2330 1039 qui

128 1069 282 1117 socios
309 1065 578 1114 ‘vexabant
598 1064 917 1113 Hortensius3
945 1072 1072 1112 retro
1103 1064 1375 1129 fugaverat.
1418 1064 1522 1129 ipse
1550 1062 1688 1111 Sulla
1718 1063 1983 1111 exercitum
2007 1063 2060 1110 in
2085 1063 2330 1112 Mediam‘*

128 1158 408 1218 induxerat,
452 1156 740 1221 priusquam
781 1155 834 1202 in
868 1153 1042 1203 Asiam
1086 1154 1150 1201 ad
1185 1154 1502 1219 conloquium
1537 1154 1812 1217 transiret⁵;
1862 1171 1957 1218 quo
1992 1153 2248 1202 Dardanos
2284 1163 2332 1201 et

127 1248 414 1296 Denseletas
427 1245 457 1308 ⁶,
494 1245 647 1294 caesis
675 1234 898 1293 hostibus
929 1245 1015 1310 qui
1040 1244 1385 1293 Macedoniam
1410 1244 1699 1306 vexabante,
1734 1244 1788 1292 in
1814 1244 2110 1292 deditionem
2133 1243 2327 1309 recepit.

126 1337 331 1403 Ephesi,
380 1335 539 1385 causis
584 1335 816 1400 cognitis,
872 1335 1118 1400 principes
1162 1335 1282 1383 belli
1327 1336 1577 1384 securibus
1620 1344 1761 1384 necat
1774 1337 1807 1396 f,
1860 1335 2078 1383 civitates
2120 1334 2329 1400 pecunia

125 1427 322 1489 multat,
375 1425 556 1492 oppida
604 1426 833 1491 inpacata
878 1425 1057 1491 redigit
1111 1425 1164 1473 in
1219 1443 1359 1473 suam
1411 1435 1715 1492 potestatem.
1794 1424 2079 1474 Nicomedi⁷
2120 1441 2328 1489 regnum

127 1517 390 1582 Bithyniae
434 1515 664 1577 restituit,
716 1552 727 1564 .
748 1553 759 1564 .
780 1553 791 1563 .
838 1525 912 1565 est
954 1517 1286 1582 appellatum9
1329 1516 1683 1582 Paphlagonia.
1737 1516 1887 1565 comis
1941 1524 1987 1563 et
2027 1515 2326 1563 mansuetior

125 1609 169 1655 i.
193 1645 201 1654 .
223 1645 234 1655 .
254 1625 402 1673 quam
439 1645 449 1655 .
471 1645 482 1656 .
503 1616 670 1655 ..tum
705 1624 786 1655 es.
809 1644 820 1655 .
840 1624 935 1672 que
968 1606 1156 1655 foveret
1191 1607 1448 1669 Romanis,
1498 1607 1687 1655 delatus
1735 1625 1768 1654 u
1788 1642 1926 1654 .....
1947 1622 2044 1670 qua
2089 1604 2262 1653 scelest
2282 1642 2323 1652 ..

123 1707 340 1760 vacaret,
375 1698 523 1746 fidem
557 1714 644 1762 per
678 1697 792 1745 nefa
813 1734 823 1746 .
844 1735 855 1746 .
876 1735 886 1746 .
906 1697 983 1746 bri
1018 1715 1126 1745 eam
1151 1697 1287 1763 ligno
1320 1714 1542 1746 exercere
1579 1715 1692 1746 se..
1729 1713 1889 1745 masse
1917 1696 2039 1744 alter
2075 1708 2122 1744 et
2155 1696 2235 1743 al.
2255 1733 2267 1744 .
2289 1695 2324 1743 .’

123 1789 365 1837 imddiose
400 1787 731 1854 exequebatur
759 1789 876 1837 satis
914 1788 1153 1836 exercitus
1190 1789 1242 1836 in
1270 1789 1431 1854 priore
1465 1788 1675 1836 fortuna.
1712 1806 1828 1835 nam
1856 1796 2116 1852 postquam
2152 1823 2162 1833 .
2185 1824 2194 1833 .
2217 1825 2226 1834 .
2246 1803 2323 1835 co-

122 1896 288 1927 nemes
326 1888 565 1927 eversetes
586 1878 647 1946 (Ρ)
678 1916 688 1927 .
709 1917 720 1927 .
742 1916 753 1927 .
789 1879 880 1927 erit
915 1878 979 1926 ad
1013 1879 1162 1941 ictus,
1199 1879 1330 1944 quod
1364 1879 1456 1927 bea
1476 1916 1486 1927 .
1508 1916 1518 1926 .
1540 1917 1550 1927 .
1572 1888 1768 1945 egentes
1793 1877 2024 1938 faciebat,
2059 1878 2323 1943 multisque

121 1969 368 2018 beneficiis
406 1969 506 2017 suis
545 1968 784 2018 allicebat.
828 1986 929 2016 non
964 1968 1058 2017 fuit
1093 1986 1191 2017 uno
1233 1969 1326 2018 isto
1367 1970 1469 2017 filio
1482 1970 1500 2001 7³
1537 1976 1812 2030 contentus,
1856 1985 2002 2033 quem
2038 2004 2207 2016 ......
2245 1972 2324 2018 aci

118 2060 396 2124 legitimum
432 2058 761 2124 procrearat83
795 2059 924 2107 tollit
959 2076 1021 2107 ex
1047 2059 1320 2108 concubina
1350 2060 1508 2121 Hane,
1547 2059 1788 2109 Sicheana
1810 2057 2054 2120 mulierek,
2092 2058 2321 2108 Socraten

237 2202 275 2240 a)
299 2200 350 2231 sic
363 2199 424 2239 M,
449 2204 545 2232 recte
570 2204 610 2231 ut
634 2200 796 2240 videtur-3
823 2199 864 2232 de
892 2209 929 2232 re
956 2201 1023 2242 cfr.
1041 2199 1185 2232 Livium
1211 2200 1299 2233 libro
1317 2202 1384 2242 lx,
1403 2203 1464 2234 43:
1491 2206 1566 2232 tum
1590 2200 1695 2231 trium
1719 2208 1878 2231 mensum
1902 2197 2072 2230 frumento
2098 2199 2264 2242 imperato
2291 2207 2323 2233 et

122 2273 235 2295 annuo
261 2263 434 2306 stipendio
462 2272 502 2295 ac
528 2262 678 2305 singulis
704 2263 742 2294 in
766 2261 914 2294 militem
937 2263 1067 2295 tunicis
1094 2268 1159 2296 etc.
1202 2264 1287 2296 Vide
1307 2265 1414 2296 etiam
1427 2263 1604 2295 Plutarch.
1631 2263 1666 2294 in
1684 2262 1788 2294 Sulla
1814 2273 1890 2304 cap.
1906 2265 1947 2293 25
1964 2265 2058 2293 extr.
2132 2260 2167 2303 b)
2193 2263 2226 2294 Is
2246 2263 2319 2295 cod.

122 2326 155 2366 c)
179 2326 232 2357 ita
258 2336 333 2358 cum
358 2326 409 2360 M.
434 2326 652 2368 scripsimus.
749 2327 787 2367 d)
812 2326 946 2368 reliqua
972 2326 1067 2367 cod.,·
1099 2326 1220 2359 relicta
1246 2328 1297 2360 Μ.
1394 2328 1427 2367 e)
1454 2326 1541 2358 hauc
1567 2327 1676 2358 locum
1702 2327 1754 2357 im
1781 2325 1961 2357 emendari
1985 2323 2080 2356 iubet
2106 2325 2320 2359 Mommsen:

121 2391 210 2420 retro
233 2388 432 2432 fugaverat,
466 2390 540 2432 ipse
567 2389 665 2422 Sulla
690 2389 880 2421 exercitum
904 2389 941 2420 in
964 2388 1117 2421 Mediam
1141 2389 1338 2423 induxerat.
1383 2390 1592 2432 Priusquam
1624 2388 1661 2420 in
1686 2389 1807 2420 Asiam
1832 2387 1876 2420 ad
1900 2386 2122 2428 conloquium
2146 2389 2318 2430 transiret,

120 2449 299 2484 Dardanos
325 2451 491 2496 quo[que]
518 2456 551 2484 et
574 2452 779 2484 Denseletas
806 2455 1067 2493 ceterosque
1100 2453 1160 2494 qui
1183 2453 1422 2485 Macedoniam
1447 2452 1622 2485 vexabant
1650 2476 1657 2483 .
1674 2476 1682 2483 .
1698 2476 1706 2483 .
1825 2450 1863 2494 f)
1898 2454 1992 2483 secat
2018 2455 2055 2482 ut
2080 2451 2220 2484 videtur
2244 2452 2318 2486 cod.

120 2514 160 2555 9)
189 2523 234 2545 an
260 2514 463 2556 leyendum:
490 2515 582 2558 quod
607 2520 660 2547 est
684 2514 894 2558 appellatum
911 2513 1175 2557 Paphlagonia?
1225 2516 1290 2557 cfr.
1315 2526 1424 2557 supra
1447 2526 1531 2559 pay.
1546 2518 1586 2548 31
1614 2525 1704 2547 vers.
1720 2517 1750 2547 2.
1853 2513 1890 2556 Ιι)
1914 2513 1988 2546 fflio
2014 2513 2066 2545 M.
2162 2514 2192 2558 i)
2218 2525 2318 2558 quem

118 2576 282 2608 Aristona
305 2577 501 2620 legitimum
526 2580 587 2619 M;
614 2589 660 2611 an
687 2578 869 2620 leyemlum
894 2588 996 2619 quem
1022 2571 1171 2621 ἄριστον
1197 2588 1236 2610 ac
1262 2577 1356 2611 etta?
1451 2578 1488 2621 k)
1513 2579 1658 2611 muliere
1684 2578 1736 2611 M.

207 2684 250 2741 1)
283 2686 445 2730 scilicet
473 2704 619 2747 regem
651 2688 964 2746 Cappadociae.
1254 2690 1304 2733 de
1323 2707 1433 2747 pace
1456 2692 1533 2748 aqi
1552 2690 1687 2732 iussit.
1733 2688 1907 2731 Interim
1935 2702 1979 2728 eo
2004 2696 2180 2744 tempore
2194 2690 2317 2732 Sulla

202 2758 246 2813 2)
282 2757 422 2801 Medi
469 2777 574 2818 gens
622 2763 853 2815 Thraciae,
911 2761 1186 2819 Strymonem
1253 2764 1375 2806 etiam
1412 2763 1665 2816 Dardanos,
1709 2760 1969 2813 Scordczwos,
2014 2761 2239 2805 Dalmatas
2282 2772 2317 2805 et

118 2845 288 2873 amnem
319 2830 471 2874 dextro
499 2834 635 2877 latere
665 2835 928 2889 adcolentes3
966 2835 1042 2877 cfr.
1073 2835 1184 2878 Plin.
1251 2836 1397 2879 Medos
1416 2838 1581 2893 partim
1610 2836 1719 2888 vicit,
1755 2834 1862 2876 alios
1890 2834 1936 2875 in
1952 2833 2087 2889 fidem
2117 2837 2285 2891 accepit.

117 2903 176 2946 H.
207 2903 263 2946 N.
292 2902 461 2958 lib.IV,
493 2921 585 2962 cap.
607 2908 658 2950 11
691 2912 716 2962 ξ
736 2909 808 2963 183
839 2908 1019 2963 Eutrop.
1036 2907 1090 2961 V,
1108 2908 1147 2949 7.
1336 2908 1381 2963 6)
1419 2909 1748 2951 Denseletae
1784 2920 1891 2963 gens
1929 2905 2159 2960 Thraciae,
2197 2906 2317 2949 iuxta

199 2977 246 3032 3)
279 2976 330 3018 de
355 2976 408 3018 L.
439 2977 754 3035 Hortensio,
794 2980 939 3024 Sullae
969 2981 1051 3022 hoc
1080 2987 1183 3023 tem-
1252 2978 1527 3037 Strymonem
1569 2981 1744 3024 fluvium
1784 2978 2044 3032 habitantes;
2088 2979 2162 3022 cfr.
2200 2980 2310 3022 Plin.

116 3064 218 3106 pore
238 3049 392 3105 legato,
416 3049 490 3091 cfr.
505 3049 618 3092 Plut.
639 3050 683 3093 in
700 3052 819 3095 Sulla
839 3068 928 3112 cap.
948 3054 1012 3108 15,
1032 3055 1097 3108 17,
1118 3055 1182 3096 19.
1248 3052 1307 3094 Η.
1338 3054 1393 3096 N.
1424 3054 1496 3096 lib.
1513 3054 1591 3108 IV,
1612 3055 1634 3096 1
1667 3060 1708 3095 et
1738 3067 1828 3109 cap.
1848 3052 1898 3093 11
1932 3054 1971 3104 ξ.
1997 3050 2062 3093 18.

162 3155 166 3159 .
200 3122 247 3178 4)
289 3121 416 3163 Hanc
455 3121 672 3165 Medicam
712 3122 1010 3184 (Μαιδικὴν)
1054 3133 1181 3169 vocat
1334 3126 1379 3182 ἵ)
1411 3127 1498 3169 scil.
1528 3124 1752 3169 Nicomedi
1774 3125 1858 3167 III.
1888 3124 2170 3181 Philopatori3
2208 3140 2312 3167 mor-

115 3195 332 3238 Plutarch.
361 3194 403 3236 in
437 3191 558 3236 Sulla
589 3210 625 3236 c.
646 3195 712 3237 23.
1245 3206 1342 3241 tuus
1374 3207 1437 3242 est
1467 3215 1503 3241 a.
1526 3200 1624 3242 679.

200 3266 245 3325 5)
280 3267 353 3309 cfr.
366 3267 775 3312 Plutarch.inSulla
790 3285 881 3326 cap.
892 3271 966 3326 233
997 3272 1179 3330 Eutrop.
1331 3272 1375 3327 8)
1408 3272 1602 3327 eundem,
1635 3273 1710 3330 qui
1738 3279 1836 3329 post
1864 3270 2120 3322 Nicomedes
2142 3269 2213 3312 ΠΙ
2243 3284 2312 3326 ap·

116 3337 232 3392 V,7:
263 3341 359 3383 Hac
387 3357 433 3383 ‘re
463 3340 622 3394 audica,
652 3337 920 3386 Blz'tlzridates
949 3360 1041 3386 cum
1056 3345 1179 3388 Sulla
1246 3345 1426 3401 pellatus
1459 3353 1533 3388 est.

2388 675 2464 705 660.

2354 1072 2444 1108 ³001.
2466 1078 2495 1107 2.

2352 1442 2394 1473 A.
2412 1442 2451 1473 L'.
2472 1443 2507 1472 (¹.

2363 1510 2366 1514 -
2388 1490 2464 1520 670.

2351 1705 2365 1718 ⁸
2381 1708 2439 1740 fol.
2458 1705 2497 1740 2'.
