2634 3710
889 463 1035 501 GRANI
1065 463 1292 501 LlClNlANl
1322 464 1412 501 ΜΒ.
1430 463 1593 500 xxxm.
2273 451 2343 502 33

339 605 543 669 Aliquot
556 617 575 635 ἰ
615 612 866 652 matronae
910 604 1081 652 eodem
1125 604 1328 652 somnob
1365 604 1580 652 monitae
1630 621 1728 652 una
1770 605 2037 671 eademque
2074 615 2236 668 nocte,
2282 609 2342 658 de
2367 608 2471 689 Afflg
2492 612 2529 641 U·

2417 672 2424 688 ,
2478 682 2482 686 .

140 696 346 762 dapibus
363 707 379 728 ⁶
427 695 576 743 sacris
624 694 968 759 praestiterunt
1021 694 1211 759 hocque
1263 694 1565 743 sacrificatu*
1611 695 1903 759 aliquotiens
1958 706 2004 744 ct
2051 713 2246 745 carmen
2292 700 2342 746 in
2369 712 2458 745 *eoi
2476 717 2505 745 ‘2

139 788 339 835 deorum
375 785 573 833 laudem
585 787 605 817 (ἱ
642 785 965 850 compositum
999 784 1294 833 nobilissimi
1329 785 1468 850 pueri
1506 785 1871 833 concinuerunt.

336 875 422 924 Cn.
459 875 722 924 Maniliusl
758 875 819 923 ob
855 873 1061 922 eandem
1098 892 1298 923 causam
1343 893 1492 941 quam
1536 888 1583 923 et
1619 875 1767 941 Cepio
1820 876 1875 924 L.
1913 876 2164 925 Saturnini
2199 896 2340 943 roga-
2366 890 2521 968 A.6U.c.

135 966 266 1013 tione
302 983 328 1013 e
365 967 561 1015 civitate
596 975 670 1014 est
705 967 832 1015 citoe
868 965 1063 1013 eiectus.
2430 938 2484 968 ω’

336 1056 632 1105 Rutilius²
662 1056 874 1105 consul
910 1056 1145 1122 collega
1177 1056 1408 1105 Manili.
1463 1057 1574 1105 Hoc
1603 1074 1733 1104 anno
1762 1055 1849 1104 On.
1878 1058 2166 1124 Pompeius3
2194 1068 2338 1108 natus
2363 1075 2404 1108 A.
2420 1077 2460 1109 U.
2480 1077 2518 1109 c.

134 1155 206 1194 est
242 1147 374 1195 solus
410 1165 555 1212 super
591 1146 817 1212 reponitf
848 1163 1003 1212 aeque
1037 1155 1185 1213 atque
1221 1146 1431 1196 Cice-rost
2397 1125 2474 1157 ‘³49'

341 1237 465 1286 Cum
509 1236 685 1286 metus*
713 1237 1120 1286 adventantium9
1160 1238 1469 1286 Cimbrorum
1512 1247 1664 1286 totam
1700 1248 1920 1303 quateret
1957 1239 2222 1301 civitatem,
2268 1240 2343 1288 ius

134 1327 398 1376 iurandum
433 1346 463 1376 a
497 1327 770 1376 iunioribus
807 1329 969 1394 exegit
979 1329 1010 1391 ⁵,
1044 1345 1107 1376 ne
1133 1329 1242 1394 quis
1270 1337 1407 1376 extra
1432 1328 1630 1376 Italiam
1656 1346 1904 1394 quoquam
1939 1329 2342 1394 proficisceretur,

134 1417 367 1483 missique
403 1437 490 1484 per
526 1435 693 1467 omnes
731 1437 839 1468 oras
850 1418 871 1451 ἢ
907 1420 1081 1468 Italiae
1118 1428 1264 1484 atque
1300 1427 1468 1484 portus
1505 1419 1591 1484 qui
1625 1419 1979 1484 praedicerent,
2023 1437 2085 1468 ne
2131 1419 2221 1467 ulli
2256 1420 2346 1467 mi-

136 1524 304 1556 norem
329 1509 527 1559 XXXV
564 1527 803 1558 annorum
838 1511 890 1558 in
926 1528 1105 1559 navem
1141 1509 1466 1558 conscendere
1502 1509 1692 1557 licereti
1723 1548 2318 1558 ...................

249 1689 287 1732 a)
314 1690 456 1733 aliquod
481 1692 556 1724 cod.
654 1691 690 1734 b)
718 1692 851 1725 somnio
876 1694 922 1725 B.
1020 1693 1053 1735 c)
1080 1694 1131 1725 sic
1152 1694 1235 1736 leyit
1255 1697 1383 1735 pater3
1410 1691 1561 1734 stipibus
1581 1691 1633 1729 M,
1660 1701 1768 1734 neque
1794 1701 1874 1723 vero
1898 1690 1930 1724 Ιι.
1947 1692 1970 1723 l.
1996 1692 2116 1732 plures
2136 1702 2237 1735 qaam
2257 1692 2345 1724 «none

1500 1753 1535 1797 e)
1563 1758 1614 1786 est
1638 1754 1706 1786 cito
1733 1754 1804 1786 cod.
1854 1753 2037 1796 plebiscito
2062 1753 2169 1786 scribi
2187 1753 2279 1787 iubet
2299 1756 2345 1788 B.

1794 1816 1831 1859 h)
1865 1816 1967 1849 horas
1994 1817 2068 1849 cod.

136 1757 271 1785 tamum
291 1754 438 1786 litterae
459 1755 677 1788 eoecidernnt.
757 1753 795 1797 d)
821 1755 871 1787 sic
891 1760 1017 1798 pater-3
1041 1757 1080 1788 in
1102 1756 1183 1789 deos
1209 1768 1229 1789 a
1249 1759 1357 1788 matre
1373 1755 1426 1787 M.

133 1815 173 1857 f)
200 1816 296 1848 locus
324 1821 511 1858 corruptus
543 1827 641 1861 quem
672 1823 789 1850 tamen
815 1818 869 1850 im
895 1819 968 1850 cod.
997 1817 1151 1851 eaelzz'bet.
1264 1817 1302 1861 9)
1336 1818 1575 1851 aduentatium
1602 1818 1678 1850 cod.
2179 1818 2216 1857 ι’)
2246 1828 2347 1850 voces

135 1878 366 1912 conscendere
391 1880 510 1912 liceret
534 1881 713 1924 supplevi;
748 1881 810 1914 hoc
835 1882 908 1914 loco
936 1881 1002 1914 duo
1028 1882 1117 1925 folia
1146 1882 1367 1915 exciderunt.

224 2039 266 2093 1)
300 2039 334 2082 O
344 2055 386 2081 n.
407 2040 454 2082 M
464 2055 488 2081 a
499 2041 572 2082 nil
583 2041 597 2082 i
608 2057 635 2083 u
647 2058 684 2095 s,
710 2040 800 2098 (vel
815 2042 1001 2084 Manlius
1017 2050 1090 2084 aut
1104 2041 1211 2084 Mal-

137 2110 234 2166 lius)
266 2112 546 2168 Maximus,
579 2130 688 2156 anno
708 2115 790 2157 649
814 2115 863 2157 P.
880 2115 1030 2158 Rutilii
1045 2115 1209 2171 collega
1277 2114 1470 2171 pitolium
1492 2120 1710 2157 tenentem
1735 2129 1813 2171 pro
1840 2113 2051 2155 communi
2068 2112 2203 2154 salute
2228 2127 2348 2155 arma

1279 2057 1375 2083 cum
1406 2041 1681 2097 optimatibus
1713 2048 1860 2083 contra
1889 2040 1939 2082 L.
1971 2039 2246 2082 Saturninum
2270 2039 2349 2082 Ca-

134 2183 177 2225 in
216 2185 458 2240 consulatu,
496 2187 639 2230 statim
679 2193 775 2244 post
812 2187 976 2230 cladem
1013 2189 1056 2230 in
1093 2188 1205 2230 bello

137 2254 351 2300 Cimbrico
384 2267 603 2317 acceptam
642 2276 728 2303 una
758 2276 853 2302 cum
884 2260 938 2312 Q.
974 2260 1204 2304 Servilio

139 2327 417 2388 Caepione
460 2333 511 2375 L.
552 2333 755 2390 Appuleii
801 2332 1019 2376 Saturnini
1065 2341 1107 2376 et
1155 2333 1203 2376 C.

136 2401 327 2445 Norbani
348 2405 445 2447 trib.
472 2405 607 2463 plebis
636 2406 858 2463 rogatione
889 2406 1120 2449 maiestatis
1145 2422 1207 2448 ar-

139 2474 334 2530 cessitus,
374 2493 483 2521 anno
515 2485 562 2521 ut
591 2479 761 2521 videtur
791 2480 871 2522 651
904 2479 1027 2523 Urbe
1057 2480 1204 2536 pulsus

137 2554 219 2601 est;
246 2549 321 2590 cfr.
338 2549 588 2606 Mommsen,
605 2552 757 2594 Roem.
776 2551 934 2595 Gesch.
949 2552 998 2594 II
1010 2567 1109 2610 pag.
1125 2553 1204 2595 178

137 2619 322 2662 adnotat.
353 2622 472 2676 (edit.
496 2624 688 2678 secund.)
734 2623 879 2676 Quare
911 2640 1074 2667 errasse
1095 2625 1205 2667 Lici-

136 2692 309 2734 nianum
336 2701 464 2750 patet,
495 2699 567 2755 qui
599 2699 756 2740 eiectos
785 2713 878 2741 esse
907 2713 1018 2740 anno
1040 2698 1136 2752 648,
1160 2698 1205 2739 id

138 2771 201 2807 est
232 2772 330 2807 ante
361 2767 523 2811 cladem
557 2770 833 2826 Cimbricam,
864 2778 1058 2813 testatur.

222 2839 267 2892 2)
300 2838 399 2882 Soil.
420 2839 467 2881 P.
492 2841 727 2886 Rutilius
759 2844 940 2898 Rufus,
974 2844 1045 2900 qui
1070 2860 1105 2887 a.
1121 2845 1205 2887 654

1275 2186 1405 2243 cepit3
1443 2187 1518 2229 cfr.
1551 2186 1640 2230 Cic.
1671 2202 1748 2244 pro
1779 2185 1955 2229 Rabirio
1978 2185 2016 2239 7,
2043 2186 2109 2226 21.

1358 2260 1404 2315 3)
1443 2261 1696 2317 Pompeium
1732 2260 1816 2301 iam
1859 2274 1895 2300 a.
1926 2258 2008 2299 648
2047 2257 2098 2300 C.
2136 2259 2267 2300 Atilio
2307 2266 2348 2301 et

1275 2333 1330 2384 Q.
1364 2331 1546 2375 Servilio
1586 2332 1705 2376 Coss.
1749 2339 1791 2373 et
1826 2331 1961 2388 pridie
1996 2331 2096 2372 Kal.
2135 2330 2345 2374 Octobres

1273 2412 1422 2448 natum
1451 2405 1582 2448 fuisse
1612 2404 1785 2447 tradunt
1813 2404 2004 2446 Velleius
2032 2404 2093 2457 II,
2117 2403 2185 2446 53.
2238 2404 2346 2446 Plin.

1273 2479 1387 2521 Hist.
1418 2479 1521 2521 Nat.
1545 2478 1785 2532 XXXVII,
1806 2478 1832 2519 2
1857 2477 1948 2520 init.
1993 2477 2281 2533 Hieronymus
2305 2477 2346 2518 in

1273 2551 1474 2595 Chronic.
1512 2551 1710 2606 Eusebii3
1755 2551 1825 2593 cfr.
1864 2550 2054 2604 Fischer,
2090 2550 2346 2593 Roemische

1272 2626 1501 2668 Zeittafeln
1526 2642 1559 2667 s.
1592 2641 1629 2667 a.
1660 2625 1755 2667 648.

1355 2698 1401 2754 4)
1431 2698 1491 2740 Et
1512 2699 1625 2740 hunc
1652 2713 1762 2739 anno
1781 2697 1876 2751 648,
1907 2697 1937 2740 J
1941 2712 2008 2738 an.
2027 2697 2072 2750 3,
2094 2703 2240 2738 natum
2264 2703 2347 2738 tra-

1274 2771 1378 2814 dunt
1408 2778 1620 2826 auctores3
1655 2771 1729 2812 cfr.
1760 2769 1949 2824 Fischer,
1980 2768 2205 2811 Zeittafeln
2236 2769 2263 2810 l.
2288 2786 2323 2810 c.

1360 2843 1404 2899 ὃ)
1438 2842 1732 2900 Supplendum
1762 2842 1930 2886 videtur
1961 2848 2183 2885 senatus.
