2634 3710
940 447 1086 487 GRANI
1117 447 1342 486 L1ClN1AN1
1372 447 1463 486 LIB.
1487 447 1650 486 XXVIII.
2321 433 2385 486 3]

393 593 579 644 Verum
613 590 846 641 Antiochi
880 590 1153 656 Epiphanis
1167 592 1217 623 ‘⁸¹
1241 606 1450 654 regnum
1484 596 1681 637 senatus
1716 588 1817 637 filio
1851 588 2105 655 Antiochi,
2140 589 2384 640 Antiocho
2408 604 2448 636 A.
2462 605 2503 639 U.
2517 606 2552 636 c.

190 683 377 750 pue1·0²,
406 683 653 746 adtribuit,
684 682 770 749 qui
797 681 945 747 paulo
971 689 1082 747 post
1099 678 1345 744 Εὐπάτωρ
1375 678 1682 745 appellatusb
1710 687 1795 729 est.
1830 679 1882 729 id
1907 679 2167 742 Demetrio,
2194 679 2383 731 Seleuci

187 774 312 836 filio,
348 774 434 840 qui
460 773 601 822 datus
631 771 773 822 obses
799 791 828 822 a
855 780 992 838 patre
1019 779 1121 819 erat
1131 771 1160 833 ³,
1196 770 1381 837 petenti
1414 770 1650 835 iungebat
1661 770 1690 833 4,
1726 787 1838 819 cum
1871 770 1956 819 ille
1983 788 2032 819 se
2060 778 2108 820 et
2136 787 2343 837 puerum
2366 784 2382 804 0

186 863 394 912 Romam
427 864 621 914 venisse
634 865 656 897 ‘¹
691 871 738 913 et
772 870 959 912 aetatee
990 860 1226 910 maiorem
1259 877 1364 909 esse
1398 860 1461 910 ad
1496 878 1651 910 annos
1669 860 1903 909 ΧΧΠΠ5
1938 860 2260 927 praedicaret:
2296 878 2381 926 pa-

185 953 328 1002 triam
372 954 466 1004 sibi
509 955 655 1004 etiam
689 953 898 1003 Romam
933 970 1038 1003 esse
1050 953 1081 1016 f,
1121 959 1346 1000 senatum
1389 959 1666 1017 parentem,
1707 959 1754 1000 et
1795 968 1908 1001 cum
1949 951 2149 1000 haberet
2190 949 2283 999 mis
2304 988 2314 998 .
2337 988 2346 997 .
2369 988 2379 997 .

187 1082 360 1092 nnnnnn

1237 1132 1330 1181 III.

250 1262 260 1270 .
309 1223 450 1289 eique
485 1222 634 1272 aliam
671 1263 681 1272 .
700 1233 714 1273 ’.
736 1262 747 1273 .
767 1224 804 1273 li
824 1263 834 1273 .
855 1223 934 1273 eni
978 1240 1012 1272 u
1032 1261 1042 1271 .
1064 1223 1108 1272 ci
1129 1261 1270 1273 .....
1292 1239 1348 1271 co
1391 1221 1492 1271 suis
1526 1237 1617 1287 pec
1636 1259 1647 1270 .
1669 1260 1679 1270 .
1701 1259 1711 1270 .
1735 1260 1745 1269 .

180 1313 479 1363 Aemiliamh
512 1315 728 1364 nobilem
761 1314 997 1364 feminam
1032 1314 1187 1381 rogoh
1221 1313 1485 1380 inpositam
1511 1311 1786 1362 tubicinum
1812 1321 2051 1362 concentu
2076 1313 2380 1363 memoranth

1782 1221 1966 1271 redisse
2006 1222 2066 1271 de
2102 1259 2341 1271 ........
2359 1233 2381 1265 9

181 1404 454 1454 excitatam.

383 1495 457 1544 De
478 1494 728 1544 Coi-tioiisss
754 1493 985 1544 fratribus
1022 1495 1163 1561 quasi
1188 1494 1360 1544 fabula
1389 1502 1476 1543 est.
1521 1493 1677 1542 maior
1710 1492 1862 1541 frater
1887 1492 2116 1543 heredem
2140 1494 2380 1544 minorem

180 1585 497 1635 instituerath
525 1586 747 1652 lectoque
771 1592 1061 1635 testamento
1086 1584 1265 1633 revixit
1288 1584 1458 1647 maior,
1493 1602 1523 1633 a
1550 1584 1728 1633 fratrei
1755 1584 1849 1633 asti
1875 1601 1927 1633 se
1955 1583 2231 1648 dimissum,
2267 1603 2380 1635 eum

294 1721 334 1765 a)
358 1722 565 1765 Aepithanis
591 1723 667 1756 cod.

176 1985 252 2008 esse
278 1979 343 2008 etc.
369 1980 504 2010 mutato
525 1975 707 2010 verborum
732 1975 856 2009 ordine
876 1973 983 2008 scribi
1003 1973 1076 2006 vult
1101 1974 1153 2007 M.

176 2037 214 2079 i)
239 2039 291 2072 sic
312 2038 365 2071 M.

261 2162 300 2215 1)
330 2159 570 2203 Antiochus
589 2158 671 2214 IV,
701 2159 964 2218 Epiphanes,
985 2174 1023 2202 a.
1046 2159 1129 2202 591
1157 2174 1244 2202 mo-

174 2233 290 2276 ritur.

258 2305 301 2360 2)
326 2305 564 2349 Antiochus
575 2305 628 2360 V,
645 2301 880 2364 Εὗπάτωρ,
899 2322 924 2349 a
941 2312 1062 2364 patre
1077 2312 1243 2349 mortuo

174 2390 277 2434 puer
295 2378 320 2420 9
337 2393 544 2422 annorum
561 2378 734 2422 relictus
750 2378 843 2436 (cfr.
856 2379 1042 2437 Appian.
1061 2378 1157 2438 Syr.
1175 2379 1243 2422 46.

173 2449 260 2506 66.)
290 2466 399 2494 anno
431 2451 514 2495 593
538 2467 563 2494 a
581 2451 803 2495 Demetrio
826 2459 973 2511 captus
1004 2452 1225 2495 occiditur.

255 2522 299 2580 3)
332 2524 420 2567 scil.
452 2525 632 2570 Seleuco
663 2525 953 2582 Philopatore,
984 2525 1056 2582 qui
1085 2525 1241 2568 Deme-

172 2594 298 2638 trium
325 2596 457 2640 filium
477 2614 514 2641 a.
534 2598 617 2641 579
640 2597 842 2641 Antiochi
870 2598 1011 2640 fratris
1047 2598 1142 2641 loco
1159 2598 1241 2641 Ro-

171 2682 284 2710 mam
312 2669 437 2726 misit,
467 2671 542 2713 cfr.
573 2670 728 2728 Polyb.
749 2670 926 2726 XXXI,
944 2671 1011 2714 12.

253 2739 299 2797 4)
335 2741 471 2785 Immo
499 2758 602 2786 vero
632 2759 715 2787 non
742 2743 949 2801 iungebat
959 2757 971 2799 ;
1009 2745 1087 2788 cfr.
1116 2743 1241 2801 Poly-

171 2812 285 2857 bium
314 2813 388 2857 lib.
405 2814 580 2870 XXXI,
607 2817 682 2873 123
711 2816 897 2874 Appian.
929 2815 1027 2874 Syr.
1056 2818 1236 2875 cap.46.

253 2886 300 2942 5)
340 2886 430 2930 Cfr,
459 2888 685 2944 Polybium
713 2890 741 2933 1.
771 2907 832 2935 c.:
876 2889 1149 2945 διαθεμένου
1187 2889 1238 2934 δὲ

167 2958 242 3003 καὶ
262 2956 474 3011 πλείονας
498 2956 655 3017 λόγους
683 2959 818 3008 αὐτοῦ
847 2965 954 3020 (scil.
984 2965 1063 3006 τοῦ
1082 2965 1237 3021 Δημη-

166 3029 309 3090 τρίου)
335 3032 449 3089 πρὸς
465 3032 544 3092 τήν
561 3036 879 3094 προειρημένην
895 3033 1133 3090 ὑπόθεσιν,
1160 3036 1237 3081 καὶ

165 3103 361 3161 μάλιστα
390 3103 753 3165 προσδραμόντος
782 3107 828 3153 ἐν
856 3113 916 3169 τῷ
946 3108 1089 3168 λέγειν
1120 3106 1238 3155 διότι

165 3177 399 3236 συμβαίνει
427 3179 514 3223 καὶ
536 3178 774 3239 πατρίδα
802 3183 894 3227 καὶ
921 3182 1124 3243 τροφὸν
1145 3183 1238 3242 τὴν

161 3248 359 3310 Ῥώμην
398 3249 670 3312 ὑπάρχειν
707 3251 869 3314 αὐτῷ,
910 3255 985 3300 καὶ
1019 3255 1123 3309 τοὺς
1157 3256 1239 3313 μὲν

168 3321 292 3379 ὕιούς
319 3328 405 3372 τῶν
436 3326 482 3373 ἐκ
511 3329 591 3372 τοῦ
618 3325 848 3388 συνεδρίου
877 3325 1080 3383 ἅπαντας
1106 3327 1238 3375 ἀδελ-

775 1721 813 1765 ὀ)
845 1722 897 1755 ita
923 1723 1034 1755 locum
1059 1721 1199 1764 eyreyie
1224 1721 1424 1755 emendavit
1449 1722 1503 1754 M.

180 1795 255 1818 rum
280 1784 311 1817 T
336 1790 370 1818 et
396 1787 443 1828 P,
469 1787 516 1819 RI
541 1791 575 1819 et
600 1787 652 1828 U,
678 1787 715 1818 in
740 1785 855 1818 codice
879 1789 999 1818 nostro
1026 1785 1134 1828 facile
1161 1785 1447 1827 confunduntur3
1479 1788 1514 1818 et
1539 1785 1680 1818 trimum
1703 1785 1760 1818 vel
1785 1789 1818 1818 et
1843 1795 1988 1828 puerum
2013 1784 2065 1817 M.

179 1847 279 1881 dubio
303 1848 544 1891 scribendam
580 1850 695 1893 prima
724 1849 819 1881 vocis
845 1848 970 1880 littera
1003 1846 1045 1880 ob
1077 1848 1240 1880 lacunam
1273 1849 1472 1881 accuratius
1497 1849 1666 1889 distinqui
1697 1858 1768 1880 non
1791 1851 1922 1890 potest.

176 1912 303 1945 littera
320 1912 376 1954 M,
400 1917 440 1945 ut
463 1914 627 1957 saepius,
653 1913 855 1955 duplicata3
888 1914 998 1944 aetate
1023 1911 1093 1942 iam
1117 1910 1282 1943 maiorem
1307 1911 1358 1942 M.

1236 1974 1276 2016 9)
1301 1974 1398 2006 locus
1423 1979 1622 2018 corruptus.

1611 1720 1644 1765 c)
1677 1722 1729 1755 sic
1753 1721 1948 1764 legendum,
1971 1731 2051 1754 nam
2074 1721 2213 1764 formae
2239 1722 2379 1755 littera·

2160 1785 2199 1826 d)
2224 1785 2279 1817 ita
2302 1785 2379 1818 sine

2064 1845 2100 1890 e)
2132 1850 2277 1880 aetatem
2303 1848 2379 1881 cod.

1495 1912 1538 1954 f)
1563 1912 1792 1955 praedicaret,
1819 1915 1852 1943 et
1877 1912 1946 1943 iam
1970 1911 2114 1944 Romam
2137 1910 2283 1953 patriam
2309 1909 2377 1943 sibi

1704 1974 1743 2018 Ιι)
1768 1975 1822 2007 ita
1845 1984 1919 2007 cum
1936 1973 2165 2007 Mommsenio
2183 1972 2378 2025 scribimus.

1311 2161 1408 2217 φῶν
1439 2156 1551 2214 ἓβςειν
1583 2157 1794 2205 διάθεσιν
1829 2160 1953 2212 τοὺς
1989 2159 2046 2205 δὲ
2081 2159 2377 2215 βουλευτὰς

1311 2231 1556 2290 πατέρων
1595 2234 1684 2278 διὰ
1722 2233 1783 2277 τὸ
1823 2233 2245 2292 παραγενέσθαι
2282 2232 2377 2288 μὲν

1312 2304 1392 2349 ἔτι
1435 2304 1652 2364 νήπιος,
1708 2305 1812 2351 τότε
1857 2307 1907 2352 δὲ
1950 2306 2080 2351 κατὰ
2123 2306 2213 2365 τὴν
2255 2303 2376 2364 ἡλι-

1309 2376 1431 2423 κίαν
1459 2377 1717 2440 ὑπάρχειν
1742 2381 1871 2426 ἑτῶν
1897 2377 2072 2424 εἴκοσι
2096 2381 2184 2424 καὶ
2212 2382 2375 2439 τριῶν

1308 2471 1347 2498 κ.
1371 2470 1410 2498 τ.
1431 2455 1471 2498 λ.
1530 2455 1642 2498 Vide
1674 2455 1801 2498 etiam
1830 2455 2017 2512 Appian.
2050 2454 2150 2512 Syr.
2177 2470 2267 2511 cap.
2283 2455 2352 2497 46.

1391 2529 1438 2586 6)
1468 2528 1665 2572 Eandem
1694 2528 1955 2571 historiolam
1984 2527 2110 2570 etiam
2138 2527 2376 2570 Varronem

1306 2618 1502 2646 narrasse
1522 2601 1654 2645 tradit
1667 2601 1830 2645 Plinius
1854 2601 1912 2643 H.
1929 2601 1986 2644 N.
2009 2601 2081 2643 lib.
2098 2601 2189 2644 VII
2212 2616 2302 2658 cap.
2319 2600 2376 2642 52

1306 2678 1347 2730 ξ.
1373 2676 1472 2718 177:
1511 2674 1658 2718 Adicit
1687 2674 1802 2731 (scil.
1831 2674 1995 2731 Varro)
2031 2674 2240 2717 miracula
2267 2690 2374 2730 quae

1308 2757 1395 2792 tota*
1419 2748 1629 2792 indicasse
1659 2748 1894 2791 conveniat:
1931 2763 1951 2790 e
1981 2747 2140 2790 duobus
2154 2748 2374 2805 fratribus

1307 2823 1510 2879 equestris
1539 2820 1701 2864 ordinis
1723 2819 1904 2877 Corfidio
1935 2821 2092 2863 maiori
2107 2820 2309 2862 accidisse
2327 2828 2373 2862 ut

1303 2894 1515 2938 videretur
1544 2894 1782 2950 exspirasse
1803 2901 2025 2949 apertoque
2050 2901 2285 2936 testamento
2308 2909 2370 2936 re·

1304 2969 1475 3010 citatum
1520 2966 1711 3010 heredem
1744 2967 1945 3009 minorem
1969 2965 2132 3022 funeri
2160 2965 2371 3019 institisse,

1303 3040 1471 3084 interim
1506 3056 1597 3083 eum
1634 3040 1713 3096 qui
1737 3038 1955 3082 videbatur
1990 3040 2215 3082 eoestinetus
2242 3037 2370 3093 plau-

1303 3112 1437 3156 dendo
1479 3113 1703 3156 concivisse
1747 3111 1982 3154 ministeria
2025 3120 2063 3154 ec
2099 3126 2298 3153 narrasse
2342 3126 2371 3151 a

1289 3185 1439 3243 fratre
1475 3202 1518 3229 se
1546 3186 1729 3239 venisse,
1765 3184 2090 3227 commendatam
2124 3185 2210 3227 sibi
2225 3184 2370 3240 filiam

1304 3259 1356 3301 ab
1386 3273 1451 3313 eo,
1490 3257 1811 3301 demonstratum
1838 3264 2064 3313 praeterea
2093 3272 2173 3313 quo
2208 3257 2254 3299 in
2284 3255 2370 3299 loco

1304 3330 1532 3389 defodisset
1574 3346 1726 3373 aurum
1769 3329 1885 3373 nullo
1923 3330 2083 3373 conscio
2122 3337 2160 3372 et
2200 3345 2370 3387 roqasse

2443 653 2519 684 592.

2408 1245 2466 1278 fol.
2484 1243 2547 1277 12¹.
