2634 3710
126 321 178 375 II
1041 337 1370 376 PRAEFATlo.

129 481 492 550 consumpsit,
521 479 824 549 eodemque
862 478 1130 547 temporis
1166 478 1345 548 spatio
1377 477 1637 530 foliorum
1658 476 1791 531 VIII
1823 480 1958 532 recti
1985 488 2040 531 et
2075 478 2100 531 I
2131 480 2303 532 versi¹

130 577 427 630 maximam
471 584 707 647 partem,
756 573 876 626 folii
913 593 1042 627 vero
1081 572 1162 626 IV
1205 575 1378 626 versi²
1417 573 1632 645 aliquot
1680 573 1879 626 saltem
1936 574 2212 628 vocabula
2257 584 2311 629 et

131 673 476 744 singularum
527 680 809 743 praeterea
867 671 1195 741 paginarum
1252 670 1474 736 tituloS,
1536 688 1647 741 qua
1702 668 1846 722 solet
1898 670 2166 741 religione
2225 673 2311 725 in-

132 769 435 840 vestigatos
481 768 788 839 descripsit.
868 765 977 820 Sed
1026 765 1313 820 absentiae
1353 769 1516 821 venia
1561 767 1671 819 iam
1715 765 1783 818 ad
1831 765 1997 818 finem
2045 778 2309 838 vergente,

133 869 187 919 in
240 866 474 937 patriam
520 882 796 929 reversus,
851 863 1010 929 felici
1054 883 1155 916 avc
1198 870 1522 933 susceptum
1573 881 1715 933 opus
1762 863 1866 914 etsi
1924 863 2307 932 impeffectum

134 964 439 1033 relinquere
474 961 792 1032 cogebatur,
828 968 1031 1027 tamen,
1060 968 1123 1013 ut
1153 958 1222 1013 ad
1253 959 1399 1013 idem
1427 958 1834 1013 absolvendum
1870 959 2011 1012 alios
2043 960 2310 1023 incitaret,

135 1061 322 1113 statim
360 1066 486 1128 post
523 1058 783 1124 reditum,
827 1056 916 1109 die
953 1059 1132 1128 prima
1166 1055 1503 1109 Novembris
1522 1063 1552 1123 ²²,
1598 1055 1932 1109 Academiae
1967 1055 2174 1124 Regiae
2223 1076 2312 1109 so-

136 1157 355 1211 dalibus
395 1174 534 1225 (luae
570 1154 1024 1224 transscripserat
1059 1154 1374 1224 fiagmenta
1408 1153 1713 1223 proposuit.

336 1252 534 1305 Paucis
579 1251 777 1304 deinde
821 1249 1110 1304 mensibus
1155 1249 1364 1320 elapsis
1406 1248 1504 1302 ubi
1548 1256 1787 1320 patrem,
1841 1249 1936 1318 qui
1988 1266 2129 1300 unus
2175 1248 2314 1299 t'orte

138 1358 292 1403 tanto
328 1349 506 1402 labori
539 1368 638 1420 par
673 1356 781 1414 est,
822 1348 1074 1419 proximo
1109 1354 1359 1416 tempore
1398 1347 1454 1399 in
1491 1345 1754 1416 Angliam
1792 1346 2165 1416 profecturum
2204 1363 2316 1396 non

137 1466 258 1499 esse
307 1446 708 1511 intelleximus,
759 1463 830 1497 ne
875 1444 1242 1515 gravissimus
1292 1450 1485 1497 auctor
1525 1444 1672 1497 iusto
1718 1442 1927 1495 diutius
1971 1443 2029 1496 in
2075 1440 2314 1494 obscuro

138 1551 464 1608 remaneret,
509 1551 730 1596 nosmet
774 1544 929 1613 ipsos
973 1540 1042 1594 ad
1094 1540 1381 1610 negotium
1428 1539 1568 1593 illud
1607 1559 1705 1611 pro
1741 1538 1886 1592 virili
1919 1546 2073 1610 parte
2110 1537 2315 1609 produ-

138 1640 373 1693 cendum
406 1641 798 1693 succinximus,
834 1643 1032 1704 Quare,
1061 1637 1243 1691 Musei
1269 1636 1576 1690 Britannici
1604 1637 1807 1690 summi
1834 1636 2113 1689 antistites
2143 1652 2312 1705 qumn

140 1738 395 1809 petitioni
429 1746 651 1790 nostrae
679 1737 1083 1789 humanissime
1110 1733 1414 1788 adsensum
1443 1733 1847 1805 praebuissent,
1887 1731 2134 1786 laborem
2178 1731 2316 1801 ipsis

141 1834 409 1888 Kalendis
438 1834 652 1887 Martiis
686 1834 820 1886 anni
851 1835 992 1886 1856
1027 1832 1351 1885 inchoatum
1389 1838 1445 1884 et
1479 1850 1592 1884 non
1624 1832 1744 1884 sinc
1779 1829 1973 1883 multis
2009 1826 2318 1882 intervallis

140 1951 314 2003 usque.
359 1931 427 1984 ad
472 1931 618 1984 diem
665 1929 1020 1983 undecimum
1077 1928 1286 1981 mensis
1329 1927 1489 1981 Junii
1535 1927 1896 1999 productum,
1951 1925 2051 1979 illo
2091 1924 2316 1978 tandem

141 2039 387 2099 tempore
420 2027 654 2080 feliciter
689 2027 873 2098 quoad
905 2027 1049 2079 vires
1088 2023 1442 2078 sufficiebant
1477 2024 1842 2078 absolvimus

339 2123 444 2177 His
474 2125 643 2196 igitur
680 2123 748 2177 de
787 2125 968 2195 prima
1002 2121 1213 2176 codicis
1248 2122 1679 2194 investigatione
1712 2119 2059 2193 praemissiS,
2104 2117 2213 2170 iam
2249 2113 2318 2168 ad

143 2219 571 2290 descriptionem
607 2221 788 2291 ipsam
822 2228 1186 2274 transeamus

1049 2399 1300 2456 CAPUT
1345 2397 1414 2453 Π.

970 2514 1251 2553 osseum-10
1291 2510 1493 2551 ecmels.

344 2614 519 2670 Grani
553 2615 829 2668 Liciniani
863 2614 1177 2684 fragmenta
1209 2630 1278 2666 ex
1309 2609 1648 2664 monasterio
1690 2613 1916 2660 sanctae
1950 2602 2156 2657 Mariae
2192 2603 2326 2657 Dei-

148 2730 334 2782 parae,
377 2710 527 2782 quod
572 2712 629 2763 in
665 2710 883 2763 deserto
917 2709 1131 2763 Nitriae
1165 2709 1237 2763 ad
1274 2705 1762 2780 septuagesimum,
1792 2702 1939 2755 circa
1972 2699 2219 2772 lapidem
2251 2699 2325 2753 ab

148 2807 282 2860 iube
319 2804 496 2874 CairO,
531 2806 879 2860 occidentem
913 2825 1108 2860 versus
1140 2813 1196 2860 et
1232 2803 1682 2877 septentrionem,
1718 2799 1888 2852 situm
1919 2804 2022 2866 est,
2058 2815 2170 2851 una
2194 2813 2324 2849 cum

149 2903 273 2956 aliis
319 2904 714 2974 manuscriptis
759 2921 990 2957 numero
1043 2903 1156 2957 fere
1199 2899 1523 2975 quingentis
1579 2915 1726 2952 anno
1773 2896 1916 2949 1847
1961 2895 2020 2948 in
2067 2891 2323 2947 Museum

152 2999 531 3054 Britannicum
575 2999 761 3053 delata
806 3006 952 3053 sunt.
1042 2999 1420 3072 Amplectitur
1463 3001 1653 3050 autem
1697 2991 1874 3047 codex
1916 2990 2038 3057 ille,
2089 3002 2320 3042 numero

152 3097 403 3166 signatus
453 3099 519 3149 17
525 3098 672 3162 ‚212,
723 3096 933 3150 formae
978 3097 1277 3167 quadratae
1323 3091 1808 3155 membrana-cem„
1860 3087 1998 3140 folia
2041 3081 2323 3146 tredecim,

277 3212 314 3261 1)
349 3211 427 3250 Cfr.
454 3210 551 3250 infra
576 3223 660 3261 pag.
677 3214 726 3251 10
739 3219 775 3250 et
790 3215 847 3252 11.
951 3211 993 3262 2)
1024 3212 1122 3251 infra
1148 3226 1231 3264 pag.
1246 3214 1306 3252 24.
1409 3211 1450 3261 3)
1476 3204 1884 3248 Monatsberichte
1910 3202 2021 3249 1855,
2047 3211 2130 3249 pag·
2159 3198 2244 3237 668-
