2634 3710
114 357 186 409 Vl
1034 364 1368 402 PRAEFATNJ.

115 538 224 590 quo
247 526 498 585 tempore
519 518 678 583 pater
697 527 761 562 ea
787 506 1063 560 tractavit.
1098 504 1154 559 Is
1175 506 1323 558 enim
1346 503 1595 558 codicem
1619 511 1873 558 nostrum
1894 505 2065 558 talem
2095 507 2152 558 in
2173 524 2294 557 nio-

111 617 243 668 dum
286 616 642 681 compactum
670 624 793 660 esse
821 602 1114 667 intellexit,
1143 611 1207 654 ut
1229 609 1358 654 octo
1389 600 1614 672 quidem
1645 598 1781 653 folia
1809 602 1991 671 priora
2016 603 2294 672 integrum

114 710 536 785 quaternionem
582 703 890 767 efficerent,
944 698 1160 770 reliqua
1201 718 1329 751 vero
1376 704 1613 769 quatuor
1656 715 1911 762 numerO,
1956 718 2097 769 quae
2141 697 2295 751 nulla

112 814 252 864 inter
289 827 345 860 se
383 801 726 859 continentia
760 795 1257 866 coniungebantur,
1301 814 1334 848 a
1368 794 1694 866 bibliopego
1723 801 1905 847 vetere
1941 795 2297 865 adglutinata

117 912 317 961 essent.
395 902 503 967 Qui
541 898 790 971 quidem,
822 893 1041 948 duabus
1077 891 1354 963 prioribus
1392 892 1686 962 scripturis
1720 892 1916 955 erasis,
1960 900 2020 944 ut
2053 890 2298 961 Chryso-

119 1003 286 1057 stomi
329 997 590 1052 homilias
646 1014 711 1048 eo
766 991 967 1046 melius
1013 988 1420 1060 superscribere
1465 996 1658 1059 posset
1701 1005 2123 1057 nonnumquam
2167 988 2300 1041 folia

120 1099 365 1153 invertit:
420 1098 497 1148 ita
554 1100 615 1146 ut
664 1110 804 1162 quac
851 1107 979 1160 pars
1029 1086 1252 1139 inferior
1294 1085 1412 1138 folii
1459 1094 1623 1139 antea
1665 1086 1843 1139 fuerat
1897 1086 2005 1138 iam
2053 1085 2301 1154 superior

120 1202 317 1259 esset-¹,
375 1202 430 1246 et
473 1192 708 1244 duorum
754 1186 1016 1240 foliorum
1062 1183 1477 1237 cohaerentium
1532 1183 1666 1236 ordo
1714 1184 1880 1236 etiam
1926 1184 2301 1240 inverteretur,

122 1313 292 1365 quum
329 1290 527 1343 folium
567 1285 707 1339 illud
739 1283 890 1356 quod
919 1282 1072 1353 prius
1100 1299 1224 1334 esse
1250 1280 1489 1334 debebat
1526 1282 1887 1352 posteriorem
1918 1279 2103 1332 locum
2136 1297 2302 1330 oecu-

124 1400 291 1462 paret.
348 1387 470 1440 Hoc
506 1391 693 1438 autem
730 1381 885 1434 hisce
921 1378 1072 1432 foliis
1107 1377 1335 1431 accidit:
1371 1385 1384 1429 1
1419 1385 1474 1431 et
1509 1385 1623 1437 Vm,
1671 1385 1717 1428 ΗΙ
1749 1385 1804 1429 et
1835 1384 1912 1433 W,
1953 1383 2003 1427 ΙΧ
2038 1383 2092 1428 et
2124 1382 2179 1437 X,
2209 1381 2302 1434 ΧΙΙς

123 1488 333 1557 reliqna
380 1482 518 1535 folia
562 1480 859 1552 pristinum
897 1474 1146 1529 ordinem
1193 1481 1606 1528 conservarunt.

324 1579 557 1649 Singula
596 1578 765 1650 igitln·
801 1573 1011 1627 codicis
1047 1572 1182 1626 folia
1217 1572 1365 1626 hunc
1401 1573 1457 1625 in
1495 1570 1722 1625 modum
1760 1566 2153 1622 cohaerebant:

639 1689 666 1732 Ι.
772 1686 817 1730 ΙΙ.
943 1685 1004 1729 ΙΙΙ.
1108 1684 1174 1728 lv.
1281 1683 1325 1726 V.
1415 1682 1478 1725 Vl.
1551 1681 1632 1724 Vll.
1721 1681 1819 1725 vm.

2231 2023 2248 2040 .

130 2068 327 2121 folium
357 2074 410 2118 lx
442 2072 726 2137 praeterea
752 2081 880 2115 cum
908 2060 1043 2114 folio
1073 2066 1108 2111 X
1139 2059 1498 2112 coniunctum
1530 2067 1660 2122 erat,
1696 2057 1910 2128 reliqua
1937 2074 2082 2120 vere,
2109 2053 2304 2107 folium

134 2165 347 2218 scilicet
374 2170 427 2214 xl
464 2170 520 2215 et,
556 2168 652 2224 ΧΠ,
689 2179 862 2230 quum
892 2158 1077 2210 minus
1104 2156 1248 2209 inter
1277 2173 1335 2208 se
1364 2154 1736 2218 cohaererent,
1771 2154 1986 2222 glutine
2017 2157 2307 2220 compacta

134 2259 409 2332 prioribus
444 2255 905 2327 adiungebantm·.
961 2254 1167 2307 Eorum
1204 2260 1390 2307 autem
1426 2252 1832 2322 inscriptiones,
1867 2249 2048 2322 quoad
2087 2245 2305 2318 quidem

135 2380 163 2412 a
201 2364 354 2429 patre
391 2354 715 2425 investigari
749 2358 1021 2424 poterant,
1057 2358 1189 2404 sunt
1223 2357 1542 2421 sequentes:

202 2460 284 2506 fol.
314 2463 322 2505 Ι
368 2475 518 2522 quum
562 2456 750 2504 inverse
796 2462 850 2502 ut
890 2469 1037 2517 supra
1081 2451 1292 2500 diximus
1327 2450 1610 2515 inscriptum
1646 2449 1729 2509 sit,
1766 2446 1983 2509 margine
2027 2443 2308 2492 inferiorev

369 2547 494 2594 hanc
531 2546 831 2610 signaturam
866 2541 1084 2590 exhibet:
1130 2539 1479 2588 LICINIANI.

206 2639 288 2686 t'ol.
319 2640 403 2684 vul
442 2634 803 2699 inscriptionem
839 2632 1029 2680 nulla-m
1065 2629 1273 2679 exhibet.

206 2727 288 2775 fol.
316 2722 368 2773 11⁶
409 2734 536 2772 reete
573 2731 844 2780 exaratum,
887 2720 1194 2786 superiore
1237 2720 1455 2784 margine
1498 2718 1665 2767 eodem
1707 2715 1900 2763 nomine
1939 2713 2183 2775 signatum
2219 2723 2310 2760 est:

370 2812 718 2861 LICINIANI.

208 2905 290 2952 fol.
320 2907 387 2951 Vll
424 2902 643 2968 margine
677 2901 921 2967 superiore
956 2899 1199 2964 signatum
1236 2895 1361 2944 LIB.
1392 2901 1561 2945 XXXV.

207 2994 291 3042 fol.
325 2997 369 3041 ΙΗ
428 2991 647 3056 margine
681 2990 906 3038 inferiore
1076 3017 1094 3023 -
1290 2984 1641 3034 LICINIANI.

270 3118 309 3165 1)
342 3116 445 3155 Idem
473 3114 581 3152 etiam
616 3127 638 3152 a
662 3112 901 3164 grammatico
936 3118 1044 3148 antea
1071 3110 1208 3146 factum
1237 3116 1310 3153 est;
1349 3122 1422 3160 qua
1456 3123 1499 3148 ex
1527 3122 1637 3147 causa
1671 3108 1771 3147 haud
1809 3120 1891 3146 raro
1917 3106 2070 3154 accidit,
2103 3111 2143 3143 ut
2170 3103 2310 3142 litterae

148 3178 287 3229 primae
314 3185 425 3227 atque
452 3175 580 3213 tertiae
607 3187 737 3212 manus
765 3174 819 3223 (h.
841 3187 873 3211 e.
901 3171 1116 3210 Licinianus
1143 3175 1180 3208 et
1193 3169 1497 3220 Chrysostomus)
1524 3175 1633 3216 recte,
1659 3169 1802 3208 litterae
1828 3175 1950 3207 autem
1978 3164 2161 3205 secundae
2182 3176 2311 3201 manus

165 3238 440 3288 grammaticus)
464 3237 606 3274 inverse
632 3236 790 3286 scriptae
813 3234 1054 3273 inveniantur.
