2634 3710
1165 383 1496 422 PRAEFATlo.
2286 367 2426 420 ΧΙΠ

227 536 422 600 gentes
461 545 580 597 cap.
604 528 668 579 31
695 526 736 578 ¹:
786 526 1102 588 Aristoteles,
1146 534 1200 578 ut
1234 524 1536 579 Granius
1573 533 1832 587 memorat,
1879 525 1956 577 vir
1986 526 2183 596 inyenio
2206 547 2423 599 praepo-

227 635 331 678 tens
365 633 509 696 atque
544 624 597 675 in
633 623 857 676 doctrina
889 623 1230 694 praecipuus,
1276 623 1558 675 Minervam
1594 641 1700 675 esse
1734 624 1928 675 Lunam
1961 623 2306 692 probabilibus
2343 647 2422 680 ar-

219 721 466 792 yumeutis
503 720 715 790 eoeplicat
748 729 796 773 et
828 721 1044 773 litterata
1080 718 1371 772 auctoritate
1407 721 1719 773 demonstrat.
1788 719 1862 772 Et
1898 719 2107 774 ibidem
2145 741 2264 793 cap.
2293 726 2360 776 38
2382 727 2422 778 2:

221 818 514 872 Novensiles
549 818 671 870 Piso
709 819 825 870 cleos
860 835 967 869 esse
1003 817 1160 869 credit
1189 836 1359 869 novem
1393 818 1446 869 in
1470 817 1671 870 Sabinis
1704 818 1841 887 apud
1862 818 2089 871 Trebiam
2123 821 2421 875 constitutos.

222 918 332 969 Hos
370 914 675 970 Granius
704 917 884 968 Musas
908 923 1074 984 putat,
1113 933 1403 967 consensum
1439 916 1813 967 accommodans
1849 915 2006 969 Aelio,
2057 915 2214 969 Idem
2252 919 2420 988 paulo

224 1013 368 1066 infra
390 1013 434 1066 3:
479 1014 539 1065 Si
574 1012 702 1064 enim
733 1012 938 1065 Pisonis
971 1013 1212 1065 sententia
1252 1031 1369 1065 vera
1405 1021 1502 1075 est,
1548 1012 1721 1065 Aelius
1757 993 1802 1064 et
1837 1011 2140 1066 Granius
2186 1017 2422 1068 mentiun-

227 1120 335 1174 tur,·
369 1111 415 1163 si
451 1111 583 1182 quod
615 1110 796 1163 elicitur
826 1110 884 1163 ab
921 1109 1000 1161 liis
1035 1118 1220 1163 certum
1257 1119 1344 1173 est,
1371 1110 1715 1180 peritissimus
1749 1117 1884 1162 errat
1929 1112 2097 1164 Varro.
2164 1113 2420 1183 Denique

224 1208 367 1261 libro
404 1206 509 1274 VI,
548 1227 666 1278 cap.
695 1210 725 1259 7
740 1208 788 1260 4:
840 1208 989 1270 Quod
1027 1208 1074 1259 si
1105 1208 1320 1278 planum
1356 1208 1476 1278 fieri
1512 1207 1800 1260 testimoniis
1839 1209 2108 1276 postulatis
2151 1219 2422 1269 auctorum,

222 1306 590 1368 Sammonicus,
629 1304 896 1373 Granius,
940 1304 1232 1358 Valerianus
1267 1305 1401 1359 vobis
1437 1314 1485 1358 et
1516 1305 1706 1358 Fabius
1742 1304 2050 1368 indicabunt,
2089 1307 2228 1359 cuius
2263 1309 2422 1361 Aulus

217 1404 376 1474 fuerit
401 1403 544 1472 filius
580 1410 683 1456 etc,
753 1403 860 1456 His
898 1402 1351 1456 adnumerandus
1389 1409 1476 1456 est
1510 1403 1716 1456 Festus
1753 1420 1793 1455 s,
1826 1422 1874 1455 v.
1912 1403 2020 1455 rica
2055 1402 2212 1475 (pag.
2240 1408 2346 1458 277
2372 1406 2421 1458 Α

222 1519 362 1554 vers.
393 1502 425 1553 6
463 1500 545 1553 ed.
592 1499 653 1554 O.
691 1498 941 1572 Mallem:
992 1498 1277 1572 Gran[iu
1291 1499 1337 1573 s]
1383 1501 1577 1573 quidem
1623 1501 1694 1553 ait
1737 1484 1858 1552 ‘esse
1901 1501 2136 1554 muliebre
2171 1503 2419 1572 cinyulum

222 1594 415 1668 capitis,
453 1617 546 1670 quo
574 1617 674 1668 pro
709 1598 827 1651 vitta
862 1598 1147 1650 Flaminica
1183 1598 1477 1651 redimiatur
1490 1598 1513 1651 ’.

421 1693 531 1760 Qui
568 1696 793 1767 quidem
830 1695 944 1748 loci
976 1714 1195 1762 omnes,
1231 1696 1291 1748 ni
1325 1695 1507 1762 fallor,
1545 1694 1615 1747 ad
1652 1692 1891 1746 eundem
1931 1693 2258 1763 scriptorem
2296 1715 2421 1765 per-

218 1793 400 1845 tinent
461 1799 557 1845 aut
601 1794 1033 1864 grammaticum
1091 1799 1189 1845 aut
1241 1792 1384 1846 forte
1432 1791 1793 1845 historiarum
1844 1791 2197 1861 scriptorem,
2254 1812 2419 1863 quem

221 1888 556 1943 Granium
617 1891 946 1944 Flaccum
1000 1889 1322 1943 Macrobius
1377 1889 1642 1961 appellat.
1742 1887 1947 1942 Scribit
2007 1890 2156 1942 enim
2205 1889 2348 1942 libro
2398 1890 2421 1942 Ι

222 1987 441 2042 Saturn.
477 2007 596 2058 cap.
633 1991 726 2042 18:
774 1990 888 2042 item
924 1989 1147 2051 Boeotii,
1183 1991 1496 2042 Parnassum
1531 1996 1741 2041 montem
1775 1986 2000 2056 Apollini
2030 1996 2280 2040 sacratum
2315 2008 2420 2041 esse

219 2096 568 2148 memorantes,
613 2087 766 2139 simul
812 2096 972 2141 tamen
1016 2088 1069 2140 in
1113 2088 1278 2139 eoclem
1324 2095 1372 2139 et
1414 2086 1670 2139 oraculum
1716 2083 2022 2154 Delphicum
2071 2093 2116 2137 et
2158 2087 2421 2156 speluncas

221 2184 496 2237 Bacclcicas
541 2185 629 2237 'tini
676 2186 763 2237 cleo
802 2194 1114 2238 consecratas
1150 2184 1344 2247 colunt,
1393 2185 1521 2237 unde
1565 2192 1611 2235 et
1644 2182 1868 2252 Apollini
1903 2191 1949 2234 et
1984 2182 2162 2235 Libero
2191 2185 2335 2254 patri
2368 2186 2419 2237 in

220 2284 385 2335 eodem
428 2292 587 2336 monte
641 2303 723 2336 res
768 2283 935 2336 divina
982 2283 1269 2337 celebratur.
1361 2283 1511 2346 Quod
1553 2301 1662 2334 cum
1719 2288 1766 2333 et
1813 2282 1967 2333 Varro
2023 2289 2070 2333 et
2115 2278 2418 2335 Granius

220 2379 512 2434 Flaccus
559 2382 835 2452 affirment,
885 2381 1031 2433 etiam
1074 2381 1346 2451 Euripides
1388 2379 1468 2447 liis
1515 2381 1655 2432 docet
1694 2384 1796 2431 etc.
1885 2379 1971 2432 De
2016 2378 2184 2432 huius
2231 2388 2417 2433 autem

219 2484 397 2531 aetate
427 2478 571 2531 alius
609 2477 769 2531 locus
803 2497 908 2531 nos
940 2479 1201 2531 certiores
1231 2477 1414 2531 reddit
1444 2476 1594 2549 apud
1617 2473 1991 2529 Censorinum
2024 2475 2092 2528 de
2119 2476 2207 2529 die
2243 2479 2417 2531 natali

219 2594 337 2645 cap.
360 2578 390 2628 3
412 2578 454 2628 5:
490 2578 716 2629 Eundem
751 2596 857 2629 esse
887 2577 1090 2647 yenium
1125 2584 1171 2628 et
1197 2576 1354 2628 larem
1387 2576 1528 2628 multi
1560 2582 1746 2627 veteres
1774 2575 2038 2627 memoriae
2064 2575 2414 2643 prodiderunt,

217 2674 282 2725 in
330 2673 482 2743 quis
526 2674 729 2726 etiam
774 2672 1078 2728 Granius
1113 2673 1410 2727 Flaccus
1453 2673 1521 2725 in
1564 2671 1748 2725 libro
1797 2690 1990 2742 quem
2043 2671 2123 2724 ad
2169 2669 2416 2726 Caesa-

215 2789 350 2822 rem
397 2769 473 2822 de
518 2770 1085 2842 indigitamentis
1133 2771 1471 2841 scriptum
1518 2769 1829 2840 reliquit.

417 2865 523 2919 His
556 2868 725 2938 igitur
758 2868 900 2922 locis
936 2869 983 2922 si
1019 2867 1258 2921 eundem
1297 2867 1627 2938 scriptorem
1661 2865 1950 2937 indigitari
1980 2867 2305 2920 conceditur
2343 2899 2416 2905 --

216 2983 397 3036 neque
429 2982 560 3016 vero
595 2963 655 3016 in
690 2965 875 3019 verbis
911 2978 1053 3038 quae
1091 2965 1385 3019 attulimus
1422 2964 1730 3036 quidquam
1767 2965 1952 3016 inesse
1993 2963 2228 3031 videtur,
2263 2965 2411 3035 quod

215 3062 387 3115 talem
434 3061 830 3114 coniecturam*
861 3063 1182 3117 subvertere
1234 3063 1438 3135 possit,
1497 3063 1705 3134 quippe
1753 3080 1896 3133 quae
1940 3061 2010 3114 de
2057 3061 2256 3114 iisdem
2303 3061 2414 3114 fere

343 3205 381 3254 1)
417 3217 502 3254 pag.
519 3206 592 3243 118
619 3204 707 3242 edit.
737 3204 859 3254 Lugd.
888 3203 1015 3242 Batav.
1044 3207 1140 3245 1651
1170 3206 1208 3243 in
1234 3208 1311 3245 4to.
1424 3204 1463 3254 2)
1490 3203 1569 3241 ibid
1594 3217 1680 3254 pag.
1698 3206 1771 3242 122
1797 3216 1891 3241 vers.
1911 3205 1947 3242 5.
2054 3204 2094 3253 3)
2121 3203 2210 3241 ibid.
2241 3216 2324 3253 pag.
2343 3206 2415 3241 122

214 3272 300 3314 post
327 3266 503 3303 medium.
608 3266 646 3316 4)
679 3265 769 3303 ibid.
799 3278 882 3315 pag.
907 3268 981 3305 194
1009 3274 1093 3305 ante
1120 3268 1296 3305 medium.
1402 3267 1441 3316 5)
1478 3266 1535 3304 ed.
1564 3266 1611 3304 O.
1641 3265 1760 3311 Jahn,
1786 3278 1871 3316 pag.
1890 3268 1912 3304 7
1939 3278 2033 3303 verS.
2057 3267 2092 3303 4.
