2634 3710
975 487 1122 526 GRANI
1150 486 1376 526 LICINIANI
1406 487 1497 525 LIB.
1530 485 1692 525 XXXVI.

2363 470 2436 523 45

241 634 302 682 do
323 669 625 680 ..........
665 638 887 679 coactum
925 667 935 677 .
957 666 968 676 .
992 667 1001 676 .
1022 645 1098 690 es,
1144 635 1191 676 et
1239 627 1463 676 consules
1509 625 1621 674 dato
1667 663 1906 674 ........
1944 625 2193 674 Etruriam
2229 666 2239 674 .
2262 665 2271 675 .
2293 665 2304 675 .

239 732 293 772 ut
335 722 510 771 scitum
555 739 664 770 vers
694 759 735 768 ..
758 759 768 768 .
797 719 985 768 dendus
1033 718 1249 766 insontes
1303 757 1311 765 .
1343 757 1352 765 .
1382 757 1392 765 .
1422 756 1432 764 .
1477 724 1756 782 praesentes
1803 734 1925 765 renu
1954 754 2167 765 ......
2213 717 2297 766 sed
2341 735 2437 782 quo

237 814 384 862 Mar.
416 853 425 862 .
455 852 465 861 .
496 812 607 861 dem
650 818 1009 876 comportatur,
1054 826 1212 874 neque
1257 808 1452 874 segnior
1495 825 1553 856 ca
1580 845 1831 856 .......
1876 807 1962 856 ubi
2004 807 2112 872 quis
2158 806 2401 856 videretur
2413 821 2434 841 ‘⁶

1877 937 1886 946 .
1908 937 1917 946 .
1941 937 1950 946 .
1972 915 2021 946 es
2059 898 2220 947 omisit
2254 899 2438 947 incerta

237 904 518 968 contingere
558 911 800 963 ...nte1n,
838 899 1107 949 secundum
1145 938 1188 946 ..
1210 938 1220 946 .
1242 907 1314 947 set
1349 899 1513 947 lacum
1549 897 1612 965 (2³)
1649 916 1839 947 summo

234 1003 281 1043 et
317 1033 327 1042 .
349 1011 464 1043 ..es
501 1002 698 1042 senatus
734 988 1001 1041 concessit*
1040 988 1428 1038 execrationibus
1463 988 1691 1037 maximis
1736 989 1876 1037 nulla
1910 988 2041 1037 ultra
2075 1006 2211 1037 arma
2245 1006 2441 1037 movere
2465 1001 2602 1035 ‘echa

235 1102 490 1150 umquam,
538 1084 639 1132 iam
683 1082 793 1130 urbi
836 1099 948 1131 cum
988 1081 1158 1130 adesse
1194 1117 1367 1128 ......
1390 1079 1477 1128 das
1521 1080 1741 1145 legatum
1784 1097 1927 1127 suum
1970 1079 2295 1145 praemissum
2332 1119 2341 1126 .
2365 1118 2374 1126 .
2397 1119 2406 1126 .
2429 1119 2439 1127 .

234 1212 473 1222 ........
513 1173 717 1239 antiqui¹
738 1212 748 1221 .
771 1213 781 1221 .
804 1212 813 1221 .
836 1212 846 1220 .
869 1212 879 1221 .
902 1212 912 1221 .
935 1212 944 1221 .
968 1212 977 1221 .
1000 1211 1010 1220 .
1033 1211 1044 1220 .
1082 1189 1165 1220 era
1185 1210 1195 1219 .
1218 1209 1228 1218 .
1248 1171 1314 1219 ris
1352 1170 1626 1219 coniuravit
1663 1208 1673 1218 .
1697 1208 1706 1217 .
1730 1208 1740 1217 .
1762 1208 1772 1217 .
1795 1208 1837 1217 ..
1874 1170 2032 1236 primo
2058 1170 2138 1218 hic
2173 1170 2226 1217 in
2264 1209 2274 1217 .
2297 1211 2306 1219 .
2330 1209 2338 1217 .
2362 1208 2372 1217 .
2395 1208 2436 1218 ..

235 1303 377 1312 .....
399 1272 586 1312 armata
621 1264 719 1311 imo
755 1263 884 1312 infra
920 1302 931 1311 .
953 1303 963 1311 .
986 1303 996 1312 .
1019 1302 1029 1312 .
1052 1302 1061 1310 .
1082 1280 1199 1310 nam
1236 1300 1246 1309 .
1268 1299 1278 1309 .
1300 1299 1311 1309 .
1334 1297 1344 1308 .
1366 1299 1377 1308 .
1398 1299 1409 1308 .
1431 1299 1441 1308 .
1462 1278 1526 1322 m,
1562 1278 1679 1309 nam
1707 1269 1809 1309 erat
1833 1268 2009 1308 natura
2034 1260 2198 1309 iunius
2220 1259 2281 1327 (?)
2308 1261 2439 1308 intus

234 1364 280 1404 et
326 1394 334 1402 .
358 1394 367 1402 .
390 1393 401 1402 .
423 1393 433 1402 .
479 1355 671 1419 quietus
692 1354 711 1386 ὓ
755 1372 876 1420 pace
919 1354 1037 1403 istos
1082 1353 1101 1401 1
1122 1392 1132 1401 .
1152 1353 1214 1401 lis
1235 1388 1640 1400 .............
1688 1368 1857 1400 severa
1901 1359 1973 1399 est
2019 1349 2209 1399 Sullani
2256 1368 2311 1399 sa
2331 1389 2339 1397 .
2363 1389 2372 1397 .
2396 1388 2405 1397 .
2429 1389 2438 1397 .

236 1456 468 1495 ...erent
514 1446 871 1510 pecuniamque
912 1445 1040 1493 inter
1082 1462 1214 1491 nu..
1237 1481 1247 1491 .
1269 1459 1350 1491 cos
1388 1441 1662 1491 sacerdotes
1699 1482 1872 1491 ......
1917 1451 1971 1490 ut
2005 1451 2139 1490 ratus
2183 1450 2229 1489 et
2267 1479 2438 1488 ......

240 1576 248 1584 .
273 1576 282 1584 .
306 1576 315 1584 .
340 1575 349 1584 .
370 1554 452 1584 rae
490 1536 777 1601 dignitatem
820 1536 997 1584 iterum
1033 1552 1114 1583 cos
1137 1571 1732 1583 ...................
1755 1534 1890 1582 uirca
1909 1570 2439 1581 .................

1285 1891 1374 1940 XI.

229 2018 357 2029 .....
395 1982 481 2046 qui
517 1982 858 2030 Antiochiam‘
888 1982 1232 2045 advenerat⁰¹⁷
1285 1991 1475 2031 mortuo
1513 1981 1662 2029 fratre
1714 1979 1953 2044 regnavit.
2001 1979 2131 2027 idem
2170 1981 2440 2046 agitaverat
2465 1999 2505 2030 A.
2518 1998 2562 2077 ξ.
2580 1997 2615 2028 (τ.

2493 2047 2513 2078 5
2542 2048 2574 2077 0.

228 2072 417 2120 bellum
436 2082 606 2137 postea
624 2072 838 2122 indicere
858 2073 1108 2136 Romanis,
1130 2073 1215 2122 sed
1238 2072 1476 2121 inhibitus
1487 2074 1508 2105 ‘1
1535 2071 1712 2119 dicitur
1740 2109 1748 2117 .
1771 2108 1782 2117 .
1804 2108 1815 2116 .
1837 2108 1846 2117 .
1868 2069 1944 2117 nis
1971 2078 2099 2118 sorte
2119 2110 2128 2118 .
2157 2089 2244 2136 per
2268 2072 2437 2136 paucis
2468 2102 2482 2115 .
2496 2101 2555 2134 fol·
2575 2098 2614 2133 5'.

228 2163 404 2212 bonise
448 2181 630 2228 magna
675 2163 912 2213 miscebat
957 2164 1112 2213 vitias
1125 2165 1141 2189 ³
1177 2164 1390 2213 incertae
1427 2172 1664 2212 naturae9
1710 2160 2020 2225 levitatisque
2068 2162 2322 2210 summaeh

329 2295 337 2302 .
385 2254 868 2303 oonnnissabundusi
913 2256 1101 2317 venire⁷
1146 2255 1209 2303 ad
1253 2254 1597 2320 symphoniam
1639 2250 1800 2299 nudus
1846 2251 2023 2300 saltare
2035 2252 2063 2313 ⁴,
2107 2270 2193 2317 per
2236 2252 2435 2300 balneas

343 2394 381 2434 ιι)
410 2394 460 2425 ita
489 2395 633 2425 coilie'cio
659 2393 892 2426 scribemlmn.

230 2456 266 2497 e)
291 2455 392 2489 bonis
419 2457 469 2488 M.
564 2457 605 2498 f)
632 2440 721 2488 vitia
743 2457 794 2488 M.
891 2457 929 2498 9)
956 2460 1099 2490 naturae
1127 2458 1176 2490 M.

320 2563 359 2617 1)
391 2562 478 2604 scil.
502 2563 741 2605 Antiochus
758 2562 834 2617 IV,
866 2564 1113 2621 Epiphanes
1136 2564 1302 2620 (580—

231 2634 356 2689 591);
387 2635 554 2677 videtur
581 2644 722 2679 autem
749 2637 1037 2693 fragmentum
1056 2637 1149 2691 1106,
1173 2637 1217 2680 id
1238 2645 1303 2680 est

228 2707 375 2749 folium
403 2708 461 2760 V,
494 2724 623 2764 quum
647 2724 716 2751 res
747 2725 785 2751 a.
807 2710 892 2752 580
914 2726 1005 2767 sqq.
1041 2717 1184 2767 gestas
1209 2726 1302 2753 con-

226 2779 373 2833 tineat,
390 2795 475 2822 non
493 2787 580 2823 tam
603 2782 710 2824 libro
724 2782 928 2824 XXXVI
949 2799 1075 2839 quam
1092 2784 1303 2826 XXVIII

228 2852 543 2895 attribuendum
570 2868 672 2909 esse,
697 2857 757 2897 ita
779 2862 824 2897 ut
846 2856 986 2898 locum
1014 2872 1134 2898 suum
1161 2857 1302 2899 statim

225 2932 323 2982 post
346 2925 417 2967 fol.
438 2925 506 2967 XI
529 2926 728 2969 obtineat.
760 2929 980 2983 Attamen,
1006 2945 1137 2986 quum
1157 2945 1301 2972 secun-

226 2997 325 3039 dum
342 3004 507 3053 patrem
526 3014 702 3042 numero
712 3000 932 3056 XXXVI,
947 3002 981 3043 si
994 3017 1095 3044 vero
1112 3008 1301 3044 nostram

223 3069 449 3112 lectionem
466 3072 681 3128 sequimur
698 3088 873 3116 numero
884 3075 1150 3130 XXXVIII,
1163 3076 1301 3133 signa-

223 3150 314 3185 tum
335 3143 402 3197 sit,
422 3159 498 3186 nos
522 3145 592 3186 alii
607 3145 699 3187 loco
717 3145 906 3189 inserere
921 3149 1027 3191 illud
1049 3150 1276 3192 noluimus.

308 3216 353 3271 2)
393 3215 574 3259 Seleuco
596 3217 674 3271 IV,
712 3217 1008 3276 Philopatore,
1050 3223 1122 3279 qui
1153 3239 1190 3265 a.
1214 3223 1296 3265 568

221 3289 372 3331 —580
388 3289 664 3345 (186—174)
695 3305 876 3347 regnum
894 3290 1046 3348 Syriae
1073 3295 1266 3338 obtinuit.

307 3362 353 3418 3)
386 3363 461 3405 cfr.
496 3362 547 3404 de
579 3377 627 3405 eo
658 3362 810 3419 Polyb.
842 3364 915 3406 lib.
941 3365 1099 3410 XXVI
1130 3383 1221 3425 cap.
1242 3369 1294 3410 10

988 2393 1024 2435 h)
1050 2405 1096 2426 an
1122 2394 1325 2436 inquietus?

1274 2456 1311 2499 Ιι)
1338 2465 1493 2490 summae
1520 2455 1570 2487 Μ.

2128 2391 2166 2431 (Ι)
2193 2391 2363 2423 inhibitus
2389 2391 2439 2422 M.

1666 2454 1702 2495 ι’)
1730 2453 2057 2487 commissabundus
2086 2454 2137 2487 M.

1398 2392 1431 2434 c)
1458 2402 1535 2425 611111
1553 2390 1777 2423 Antiochiam
1801 2390 1986 2423 advenerat
2006 2391 2055 2423 M.

1369 2562 1503 2620 (apud
1519 2561 1788 2604 Athenaeum
1806 2561 1859 2615 V,
1877 2561 1929 2602 21
1949 2568 1991 2603 et
2006 2561 2064 2614 X,
2082 2561 2175 2616 52);
2207 2561 2302 2603 Liv.
2320 2561 2438 2613 XLI,

1368 2651 1458 2694 cap.
1472 2635 1548 2690 243
1580 2634 1757 2676 Diodor.
1775 2634 2019 2688 XXVIIII,
2036 2634 2091 2676 32
2110 2640 2150 2675 et
2165 2634 2339 2689 XXXI,
2359 2636 2424 2675 16.

1451 2708 1497 2762 4)
1538 2708 1611 2749 cfr.
1643 2707 1795 2764 Polyb.
1828 2707 2002 2761 XXXI,
2026 2707 2073 2748 4:
2114 2706 2186 2749 καὶ
2223 2710 2300 2764 τῆς
2330 2723 2437 2760 συμ-

1369 2778 1539 2839 φωνίας
1577 2779 1961 2837 προκαλουμένης,
2016 2776 2306 2837 ἀναπηδήσας
2351 2777 2434 2836 ὠρ-

1364 2857 1481 2907 χεῖτο
1506 2853 1581 2896 καὶ
1602 2850 1856 2911 ὑπεκρίνετο
1881 2853 1991 2908 μετὰ
2007 2855 2093 2896 τῶν
2112 2855 2436 2910 γελωτοποιῶν.

1369 2925 1477 2978 ὥςτε
1523 2923 1694 2978 πάντας
1745 2924 2081 2981 αἰσχυνομένους
2128 2925 2332 2985 φεύγειν;
2399 2935 2438 2969 et

1366 3001 1545 3043 Diodor.
1563 3001 1739 3054 XXXI,
1762 3004 1832 3043 16:
1863 3000 1974 3055 μετὰ
1996 3002 2134 3044 ταῦτα
2156 3004 2232 3058 ’τῆς
2257 3017 2437 3059 συμφω-

1368 3071 1463 3126 νίας
1503 3074 1866 3131 προκαλουμένης
1903 3071 2105 3132 ἀνεπήδα
2143 3072 2323 3129 γυμνός,
2363 3075 2436 3118 καὶ

1362 3149 1455 3199 τοῖς
1484 3145 1638 3202 μίμοις
1667 3148 1954 3204 προςπαίζων
1985 3144 2161 3205 ὠρχεῖτο
2192 3150 2278 3190 τιῦν
2309 3143 2435 3206 ὀρχή-

1363 3236 1476 3264 σεων
1511 3219 1591 3272 τὰς
1620 3219 1794 3277 γέλωτα
1831 3221 1906 3264 καὶ
1940 3220 2187 3274 χλευασμὸν
2218 3219 2434 3272 εἰωθυίας

1362 3292 1671 3346 ἐπισπᾶσθαι,
1712 3289 1773 3345 (ὗς
1802 3291 1974 3346 πάντας
2005 3291 2320 3347 αἰσχυνθέντας
2358 3293 2435 3337 ἐπὶ

1360 3369 1453 3418 τοῖς
1469 3366 1791 3425 πραττομένοις
1802 3365 1981 3425 φεύγειν
1996 3368 2042 3412 ἐκ
2052 3370 2131 3411 τοῦ
2147 3365 2290 3411 πότου
2304 3383 2381 3409 κ.τ.
2394 3367 2432 3409 λ.

2327 666 2336 674 .
2359 665 2369 675 .
2392 666 2401 675 .
2424 666 2434 674 .
2460 645 2610 679 A.U.C.

2488 694 2565 725 676.
