2634 3710
1127 378 1454 417 PRAEFATIO.
2244 366 2386 421 XIX

519 618 664 656 GRANI
696 617 920 656 LICINIANI
951 617 1168 656 ANNALES
1200 617 1297 662 QUA
1329 620 1434 657 FIDE
1467 620 1595 658 DIGNI
1628 623 1744 662 ESSE
1779 624 2059 662 VIDEANTUR.

389 719 474 772 De
522 718 852 771 auctoritate
897 715 1204 770 Annalium
1242 715 1417 772 Grani
1452 720 1729 775 Liciniani
1773 723 2171 794 quaerentibus
2218 724 2380 777 nobis

189 817 295 870 tria
338 816 698 887 potissimum
743 813 1148 868 consideranda
1193 822 1348 868 sunt:
1393 817 1624 871 fontes
1671 820 1887 873 scilicet
1937 820 2140 890 quibus
2189 829 2382 875 auctor

186 920 377 968 noster
428 915 486 966 in
531 912 764 965 historia
808 910 1214 964 conscribenda
1247 931 1382 966 usus
1429 922 1541 984 est3
1602 916 1802 970 deinde
1856 918 2209 988 ingenium
2262 920 2379 971 eius

189 1010 470 1083 quomodo
501 1010 667 1062 fuerit
692 1009 1089 1077 constitutum;
1125 1008 1366 1081 denique
1396 1030 1564 1082 quem
1598 1013 1807 1067 finem
1845 1015 1903 1066 in
1934 1015 2229 1067 scribendo
2260 1017 2379 1086 ipse

191 1108 300 1162 sibi
327 1107 703 1178 proposuerit:
739 1112 925 1158 utrum
955 1105 1097 1158 nihil
1116 1106 1279 1160 illum
1307 1109 1417 1161 nisi
1446 1111 1738 1163 veritatem
1766 1118 2178 1183 consequutum
2206 1112 2379 1166 fuisse

192 1204 490 1258 dicendum
526 1203 612 1269 sit,
649 1221 719 1255 an
755 1203 838 1256 ira
866 1202 955 1255 vel
986 1202 1173 1257 studio
1209 1204 1442 1259 ductum
1473 1225 1506 1260 a
1531 1226 1663 1260 vero
1694 1227 2121 1279 nonnumquam
2152 1208 2380 1263 absces-

187 1304 328 1357 sisse
362 1321 491 1355 eum
528 1300 830 1353 videamus.

387 1399 583 1469 Itaque
620 1397 769 1468 quod
806 1397 877 1451 ad
910 1397 1139 1451 fontes
1183 1400 1384 1453 attinet
1428 1400 1633 1472 quibus
1671 1401 1915 1456 Granius
1952 1403 2168 1470 nititur,
2207 1422 2380 1474 quum

186 1498 298 1552 iam
344 1517 411 1550 ex
457 1497 580 1566 ipsa
626 1514 684 1547 re
735 1496 807 1548 sit
850 1496 966 1547 veri
1014 1495 1365 1550 simillimum
1410 1499 1704 1569 permultis
1753 1519 1881 1552 eum
1925 1499 2380 1570 praecedentium

187 1593 521 1663 scriptorum
577 1592 735 1644 libris
792 1610 958 1644 usum
1006 1593 1205 1659 fuisse,
1265 1601 1385 1647 tum
1428 1598 1707 1667 expressis
1754 1597 1939 1650 verbis
1982 1597 2038 1650 id
2085 1597 2379 1650 confirmat

185 1688 378 1742 dicens
391 1690 434 1741 ¹:
470 1690 655 1761 equites
683 1708 796 1742 vero
831 1688 1113 1760 plurimi
1147 1698 1462 1746 auctores
1500 1693 1795 1757 omittebant,
1826 1714 1914 1748 nec
1945 1699 2027 1748 eo's
2054 1694 2380 1748 nominabant.

186 1784 550 1859 Singulorum
591 1805 720 1839 vero
757 1804 900 1857 quos
938 1794 1209 1858 sequutus
1247 1790 1321 1843 sit
1355 1791 1475 1856 etsi,
1512 1798 1747 1862 excepto
1779 1811 1890 1845 uno
1921 1791 2191 1846 Sallustio
2208 1794 2242 1859 ²,
2277 1812 2380 1847 no-

184 1885 339 1938 mina
372 1884 768 1955 praetermisit,
816 1884 926 1937 nisi
961 1885 1151 1955 potius
1197 1886 1493 1959 iniquitate
1528 1894 1844 1959 temporum
1881 1890 2159 1942 interiisse
2195 1909 2260 1943 ea
2295 1891 2379 1944 di-

184 1980 426 2035 cendum
459 1988 568 2034 est:
607 1988 797 2034 tamen
841 2000 909 2034 ex
944 1983 1235 2037 nonnullis
1271 1984 1579 2038 Annalium
1618 1985 1759 2039 locis
1796 1986 1863 2038 de
1899 1986 2151 2040 fontibus
2188 2007 2379 2043 eorum

184 2080 566 2133 coniecturam
609 2078 790 2132 facere
839 2079 1048 2133 licebit.
1120 2081 1386 2153 Prodigia
1431 2084 1579 2135 enim
1628 2090 1684 2135 et
1730 2083 1798 2136 ad
1841 2083 2171 2155 religionem
2208 2088 2378 2156 perti-

183 2177 389 2242 nentia,
427 2195 569 2247 quae
604 2195 638 2229 a
673 2175 884 2230 Granio
920 2184 1113 2231 nostro
1149 2178 1581 2250 diligentissime
1617 2181 1831 2251 passim
1866 2180 2134 2235 adnotata
2162 2184 2378 2237 inveni-

183 2291 310 2327 mus
326 2274 361 2340 3,
404 2293 473 2326 ex
509 2292 756 2345 quonam
799 2275 988 2345 potius
1024 2274 1179 2329 fonte
1222 2277 1506 2331 effluxisse
1551 2277 1803 2330 dicemus
1840 2297 2008 2349 quam
2045 2299 2113 2332 ex
2148 2280 2377 2334 Anna-

184 2369 367 2424 libus
397 2370 753 2424 Maximis?
794 2371 1010 2425 Eodem
1037 2372 1205 2426 modo
1236 2375 1535 2428 consulum
1562 2377 1793 2428 nomina
1819 2377 2376 2450 magistratuumque,

186 2486 329 2538 quae
357 2468 597 2540 singulis
625 2470 804 2535 anniS,
834 2475 896 2522 ut
923 2487 1093 2540 supra
1119 2472 1484 2539 ostendimUS,
1514 2475 1892 2544 superscripta
1929 2482 2101 2541 erant,
2128 2494 2232 2529 nec
2262 2495 2378 2530 non

184 2564 582 2635 imperatorum
628 2567 945 2638 triumphos
991 2587 1057 2621 ac
1103 2568 1320 2640 reliqua
1365 2570 1641 2623 eiusmodi
1695 2590 1764 2623 ex
1803 2571 1944 2641 ipsis
1993 2571 2227 2627 Fastis
2281 2575 2377 2628 de·-

185 2662 496 2731 sumpsisse
521 2662 684 2716 illum
713 2664 980 2718 credibile
1011 2672 1112 2719 est.
1157 2666 1376 2720 Deinde
1403 2667 1765 2739 Polybium
1800 2675 1993 2721 nostro
2023 2676 2153 2723 ante
2181 2671 2376 2725 oculos

183 2758 374 2824 fuisse,
410 2758 468 2810 ni
493 2758 673 2827 fallor,
701 2761 861 2815 locus
890 2763 1137 2816 ostendit
1163 2765 1259 2835 qui
1287 2763 1356 2817 de
1375 2765 1676 2831 Demetrio,
1710 2763 1929 2818 Seleuci
1958 2765 2091 2831 filio,
2118 2771 2376 2823 tractat4:

185 2856 393 2928 quippe
438 2856 534 2925 qui
576 2863 867 2929 tantopere
915 2879 1044 2913 cum
1082 2861 1308 2932 Polybii
1351 2861 1537 2914 verbis
1583 2863 1888 2929 consentit,
1937 2869 1999 2915 ut
2033 2864 2273 2919 alterum
2308 2886 2376 2920 ex

181 2947 358 3002 altero
395 2947 706 3005 derivatum
739 2973 862 3009 esse
898 2964 1102 3027 pateat.
1182 2956 1330 3023 Quid
1366 2964 1579 3024 autem,
1628 2960 1675 3012 si
1711 2959 2063 3013 historiolam
2101 2963 2269 3015 etiam
2306 2963 2374 3016 de

177 3045 362 3099 »milite
393 3047 524 3115 isto,
571 3050 667 3120 qui
702 3049 854 3105 bello
891 3052 1201 3108 Octaviano
1235 3054 1461 3108 fratrem
1498 3074 1531 3108 a
1566 3074 1624 3108 se
1667 3058 1918 3109 occisum
1952 3058 2224 3130 adgnovit
2243 3064 2275 3125 5,
2318 3069 2374 3114 et

310 3193 347 3240 1)
374 3196 497 3244 pag-‚4
523 3206 614 3231 vers.
628 3197 694 3239 20;
722 3195 786 3233 cfr.
814 3210 899 3247 pag.
915 3200 962 3237 29
984 3201 1080 3237 med.
1184 3203 1222 3250 2)
1251 3215 1335 3252 pag.
1354 3203 1402 3240 23
1429 3214 1522 3238 vers.
1539 3202 1587 3239 18
1603 3214 1687 3251 sqq.
1798 3203 1837 3251 3)
1865 3201 1930 3239 cfr.
1962 3201 2090 3253 fragm.
2111 3205 2178 3248 III,
2207 3216 2289 3254 pag.
2305 3206 2371 3248 31;

180 3251 246 3300 lv,
272 3265 358 3303 pag.
379 3255 429 3293 32
448 3269 522 3307 sq.;
550 3257 621 3294 VII
649 3269 731 3307 pag.
751 3258 800 3296 35
820 3264 888 3295 etc.
993 3262 1032 3309 4)
1058 3262 1124 3299 cfr.
1153 3263 1282 3313 fragm.
1303 3264 1339 3301 II
1368 3275 1451 3313 pag.
1471 3264 1533 3310 31,
1561 3269 1598 3300 et
1625 3269 1700 3300 not.
1717 3265 1753 3302 5.
1857 3264 1895 3311 5)
1925 3277 2007 3314 pag.
2029 3267 2078 3302 37
2099 3272 2189 3302 extr.

1881 3339 1955 3384 02
