2634 3710
35 869 48 884 '
66 870 137 902 Col.
153 873 183 900 2.

52 2043 372 2076 A.U.c......

89 2091 166 2121 648.

58 2136 71 2149 ‘
85 2135 142 2166 sol.
160 2132 199 2165 νῆ’.

210 426 280 478 32
952 441 1098 479 GRANI
1126 441 1350 480 LlClNlANI
1380 442 1468 481 LIB.
1492 442 1652 480 xxxin.

205 584 384 649 petisse
419 590 473 630 ut
506 581 678 652 funere
715 581 801 629 illo
835 580 1119 630 efferremra
1154 591 1202 631 et
1235 582 1397 631 locum
1431 581 1680 631 edocuisse
1715 582 1962 631 thesauri⁶
1999 594 2046 634 et
2079 585 2230 633 filiam
2257 601 2386 634 com-

210 671 464 721 mendasse
474 682 505 718 ⁶.
551 688 726 719 aurum
759 671 1006 737 praedicto
1038 671 1146 721 loeo
1178 679 1438 737 repertmn,
1472 680 1520 720 et
1551 671 1700 721 stater
1726 672 1864 721 heres
1895 675 2142 737 repentino
2169 684 2386 723 mortuus

211 762 460 810 nuntiatus
475 762 510 807 ἅ.
561 760 766 809 multam
811 799 821 808 .
843 799 885 809 ..
930 761 973 810 si
1011 770 1125 810 sunt
1158 761 1276 810 tond
1296 799 1306 809 .
1329 798 1338 808 .
1361 799 1372 809 .
1392 760 1468 809 dis
1511 761 1589 810 die
1635 800 1873 809 ........
1919 763 2079 827 expeti
2112 781 2254 812 ma..
2298 781 2388 812 nee

210 850 480 917 opplendae
511 858 625 898 sunt
658 849 936 899 huiusmodi
970 851 1328 917 cognitionibus
1363 850 1687 913 'chaltulae²‚
1721 868 1833 901 eum
1860 851 1977 900 satis
2003 851 2230 902 defendat
2257 871 2389 914 usus,

215 951 262 990 et
303 957 358 990 co
379 979 389 987 .
411 978 421 987 .
443 939 576 987 ..les
621 978 825 988 .......
845 939 956 990 ibus
999 949 1189 990 tantum
1230 941 1291 990 de
1311 980 1321 989 .
1343 943 1393 990 ,f
1424 958 1548 1006 opus
1590 940 1683 989 fuit
1728 949 1891 989 nostro
1937 957 2135 1005 corpore
2180 959 2389 1002 noscere,

216 1040 452 1096 quantum
486 1029 747 1078 memoriae
778 1030 968 1078 tradere
1005 1069 1144 1079 .....
1180 1031 1386 1080 retinere
1397 1042 1419 1074 9
1427 1048 1505 1079 ros
1544 1068 1712 1078 ......

418 1117 555 1166 Idem
600 1136 715 1184 ergo
758 1119 884 1168 filias
929 1137 1011 1168 sus
1039 1158 1211 1168 ......
1231 1120 1422 1170 ichibus
1468 1138 1528 1185 ep
1548 1158 1557 1166 .
1579 1120 1619 1167 si
1664 1138 1714 1167 se
1750 1130 1884 1184 geret
1931 1119 2178 1168 .aturibus
2220 1136 2396 1184 genere

221 1248 392 1257 ......
440 1225 497 1256 ae
533 1216 691 1256 tutum
733 1208 823 1257 ivit
866 1209 916 1257 in
951 1209 1186 1259 hiber-nav
1222 1228 1274 1260 se
1308 1228 1372 1259 au
1408 1249 1419 1259 .
1441 1250 1450 1257 .
1472 1246 1484 1258 .
1505 1248 1514 1257 .
1538 1248 1579 1256 ..
1616 1209 1893 1257 communio
1928 1210 2116 1274 elegere
2159 1226 2398 1257 consensu

219 1316 322 1349 esse
360 1337 370 1345 .
393 1338 402 1345 .
426 1337 435 1345 .
457 1336 467 1346 .
496 1297 580 1346 des
615 1298 839 1348 edoctum
882 1300 1001 1365 quid
1035 1299 1086 1348 in
1123 1339 1134 1349 .
1156 1339 1166 1349 .
1187 1339 1198 1349 .
1234 1299 1434 1350 tradidit
1478 1310 1596 1348 aesv
1631 1315 1741 1348 eum
1785 1309 2105 1348 conservare-‘1
2141 1298 2399 1348 debuisset.

219 1389 296 1437 cui
322 1397 516 1436 tamone
547 1387 800 1437 duodecim
826 1389 962 1437 milia
989 1391 1340 1439 contenderunt
1369 1390 1557 1438 Ioniam
1582 1390 1695 1438 ireo.
1733 1389 2033 1455 pomerium9
2059 1390 2187 1454 ignis
2211 1406 2332 1438 suu.
2356 1428 2365 1437 .
2387 1428 2396 1436 .

219 1477 534 1539 urbanorum,
581 1495 610 1525 a
646 1477 886 1544 Lupicino
922 1478 1100 1529 Severo
1119 1481 1134 1505 ¹
1168 1480 1219 1528 in
1263 1481 1383 1530 villa
1416 1499 1466 1529 m
1486 1519 1496 1529 .
1519 1520 1528 1530 .
1551 1519 1560 1528 .
1584 1519 1593 1528 .
1614 1480 1690 1528 nis
1736 1479 2103 1529 tabernaculum
2146 1479 2397 1544 posuisset,

220 1585 314 1632 qua
350 1568 554 1616 dicituro
582 1569 873 1633 pomerium,
909 1570 952 1617 ei
981 1570 1031 1619 ci
1053 1609 1480 1618 ..............

1085 1841 1146 1878 fix
1180 1840 1321 1878 meno
1356 1841 1528 1880 xxxma*

1270 1938 1355 1986 lV.

412 2029 655 2077 ‘matrona
690 2027 929 2093 quaedam
966 2027 1103 2091 quasi
1147 2037 1308 2077 mente
1353 2040 1591 2077 commota
1628 2028 1751 2077 sedit
1792 2029 1841 2075 in
1879 2026 2080 2076 consilio
2117 2026 2261 2074 Iovis.
2315 2026 2403 2074 ita-

226 2135 320 2184 que
354 2119 611 2167 lustratum
646 2126 718 2166 est
753 2116 912 2165 denuo
948 2115 1258 2181 Capitolium.
1312 2127 1359 2166 et
1400 2119 1450 2166 in
1487 2118 1680 2167 Sabinis
1716 2118 1887 2167 Martis
1931 2118 2125 2182 signum
2166 2115 2405 2180 increpuit

225 2208 305 2255 eth
341 2208 623 2256 devolutum
662 2206 927 2255 nuntiatur.
982 2215 1029 2253 et
1076 2205 1153 2254 die
1197 2207 1408 2272 quodam
1455 2218 1566 2256 ante
1612 2208 1752 2257 ludos
1796 2208 1880 2274 qui
1923 2207 2072 2256 futuri
2112 2216 2248 2254 erant
2292 2222 2403 2254 cum

225 2297 462 2346 tubicines
516 2297 648 2364 apud
697 2313 832 2345 aram
878 2295 1208 2359 concinerent,
1261 2316 1444 2364 angues
1496 2299 1623 2363 nigri
1671 2297 1830 2347 subito
1878 2304 2204 2362 apparuerunt
2250 2312 2406 2360 neque

227 2395 338 2435 ante
374 2424 416 2433 ..
453 2389 528 2435 sei
563 2401 847 2436 concurrere
882 2394 928 2432 et
963 2386 1201 2435 morsibus
1238 2388 1414 2436 multos
1451 2387 1681 2436 invadere
1716 2388 2015 2445 desiverunt,
2052 2402 2196 2449 quam
2233 2384 2405 2433 tubici-

228 2493 314 2524 nes
349 2477 704 2524 conticuissent.
758 2491 848 2522 nec
884 2492 1090 2540 usquam
1127 2476 1384 2543 derepente
1420 2487 1761 2543 apparuerunt.

345 2625 382 2658 a)
407 2623 456 2654 sic
481 2623 591 2654 Iocum
615 2621 869 2654 ememlnvimns
894 2633 967 2654 cum
994 2623 1127 2664 ΡΙὶηἰυς
1162 2626 1269 2658 aliter
1294 2625 1508 2665 Mommsen,
1537 2626 1594 2668 qm*
1619 2624 1701 2657 luit-c
1725 2623 1912 2666 proponit:
1945 2632 2023 2654 eum
2050 2623 2174 2664 petisse
2199 2622 2311 2654 decies
2342 2622 2408 2662 (sic

230 2695 294 2726 pro
319 2685 441 2717 littera
466 2685 496 2716 T
521 2685 664 2725 codicis)
689 2684 801 2716 funeri
827 2690 1023 2727 erogaretur
1047 2690 1111 2719 etc.
1205 2686 1242 2729 l.)
1275 2687 1454 2720 edocuisse
1478 2686 1630 2719 thesauri
1666 2687 1715 2718 Μ.
1792 2684 1826 2727 c)
1852 2683 1958 2716 filiam
1984 2683 2239 2716 commendasse
2261 2684 2408 2716 Plinium

230 2751 395 2790 sequutus
420 2747 622 2779 Mommsen.
718 2744 757 2787 d)
782 2755 854 2778 eres
881 2757 907 2779 r.
933 2757 978 2779 m.
1002 2748 1182 2781 nuntiatur
1200 2749 1250 2782 M.
1346 2747 1382 2792 e)
1407 2747 1582 2781 chartulas
1608 2749 1681 2781 coci.
1776 2745 1817 2790 Τ)
1843 2745 1978 2778 demum
2003 2751 2063 2778 aut
2089 2746 2235 2788 denique
2260 2749 2313 2777 vel
2337 2745 2408 2776 mle

233 2809 314 2851 quid
337 2809 564 2851 supplendum
589 2807 736 2840 videtur.
830 2809 870 2851 9)
894 2808 945 2841 sic
967 2811 1063 2852 forte
1087 2810 1315 2845 scribendum.
1409 2810 1446 2852 h)
1471 2820 1586 2843 vocem
1611 2815 1644 2842 et
1667 2809 1923 2851 supplevimus;
1955 2809 2091 2850 signnm
2118 2808 2152 2839 in
2179 2811 2281 2850 eaput
2308 2805 2409 2839 devo·

232 2870 342 2902 lutum
369 2871 418 2903 M.
513 2870 548 2912 i)
575 2870 676 2904 ..SE
701 2870 797 2909 cod.;
829 2870 871 2902 ad
896 2881 932 2904 se
958 2871 1023 2909 M;
1057 2882 1102 2904 nn
1128 2873 1308 2916 Ieyemlum
1335 2861 1520 2918 [muni-3?

234 3000 279 3032 ut
313 2993 368 3034 its
392 2993 646 3048 funebribus
684 3009 790 3048 quae
823 3005 1099 3051 comparasset
1129 2996 1289 3052 efferre-
1354 2996 1425 3039 ille
1449 3001 1670 3052 tantopere
1694 3001 1914 3051 corruptus
1945 3001 2020 3048 est,
2050 3001 2098 3036 ut
2119 3008 2201 3036 non
2226 2993 2317 3035 sine
2344 3005 2412 3033 au-

237 3071 315 3104 tur.
355 3064 447 3107 Hoc
477 3081 520 3108 eo
550 3074 748 3108 narrante
764 3066 928 3121 fratris
957 3067 1172 3110 domestici
1191 3084 1289 3124 pro·
1357 3067 1477 3110 dacia
1515 3065 1728 3109 emendari
1768 3066 1910 3123 possit.
1977 3065 2110 3119 Quid,
2148 3065 2181 3107 si
2216 3063 2409 3120 legimus:

228 3150 331 3190 pere
359 3136 655 3181 adnuntiavere
684 3141 963 3182 exanimatum
993 3139 1124 3192 illum,
1154 3148 1191 3182 et
1219 3155 1291 3182 au-
1355 3139 1439 3182 atii
1463 3170 1474 3181 .
1501 3170 1511 3180 .
1533 3169 1544 3180 .
1577 3136 1695 3194 [ipjse
1730 3153 1825 3181 vero
1861 3154 1952 3180 eum
1989 3139 2103 3180 intra
2130 3133 2322 3192 m[oe]n2'a
2351 3140 2410 3174 ta-

237 3221 329 3249 rum
358 3208 435 3250 ubi
457 3208 624 3252 dixerat
649 3221 857 3267 repertam
884 3221 953 3255 est.
1356 3207 1652 3266 {aeq-naculum]
1688 3211 1914 3267 posuisset,
1953 3225 2038 3264 qua
2065 3205 2250 3262 dio[it]ur
2270 3219 2409 3259 pome-

325 3278 367 3334 1)
395 3280 464 3322 De
481 3280 560 3324 hoe
573 3281 950 3338 nihilinvenimus;
973 3290 1159 3327 ceterum
1172 3284 1288 3328 loeus
1355 3284 1482 3335 rium,
1514 3283 1557 3325 ei
1582 3287 1659 3324 ete.
