2634 3710
1161 383 1489 419 PRAEFA'rw.
2352 367 2434 422 ΙΙΙ

236 544 377 596 quae
413 523 548 576 olim
592 523 990 593 quaterniones
1031 524 1194 576 10¹[num
1228 531 1283 576 et
1322 526 1486 576 llmUffl
1522 524 1725 595 integri
1763 525 1974 578 codicis
2012 526 2156 598 Syrii
2189 529 2299 580 iam
2339 529 2435 581 de-

229 620 455 692 perditi,
501 628 564 673 ut
598 620 842 685 videtur,
885 618 1228 685 efficiebant,
1266 619 1622 674 latitudinem
1660 621 1926 676 habentia
1960 624 2235 694 pollicum
2271 625 2426 678 Pari-

230 718 500 772 siensium
536 734 649 781 sex,
687 716 1046 770 altitudinem
1075 735 1206 769 vero
1242 719 1311 781 8}
1338 736 1517 789 usque
1544 718 1615 771 ad
1654 720 1746 786 8-1,
1784 738 2021 790 quorum
2053 741 2247 793 margo
2279 735 2432 776 exte-

227 817 337 868 rior
361 814 689 884 saepissime
711 815 945 868 avulsus
972 820 1074 880 est,
1104 814 1279 868 semel
1309 816 1478 869 etiam
1504 816 1734 870 interior
1760 816 2120 873 desideratur.
2167 817 2433 874 Continet

228 911 574 966 Homilias
631 911 904 982 quasdam
961 912 1142 965 sancti
1200 909 1708 984 Chrysostomi,
1772 933 1944 968 manu
1997 917 2205 970 saeculi
2259 918 2433 971 unde-

231 1011 361 1079 cimi
400 1008 575 1080 Syriis
623 1008 824 1062 litteris
868 1010 1241 1080 conscriptaS,
1285 1008 1391 1063 sub
1437 1011 1643 1082 quibus
1686 1016 1877 1064 tamen
1924 1013 2262 1068 adiumentis
2303 1017 2433 1068 che-

231 1108 392 1160 inicis
437 1104 705 1159 adhibitis
750 1106 892 1160 aliae
942 1107 1248 1177 scripturae
1307 1113 1362 1160 et
1408 1106 1587 1159 11111110
1634 1108 1861 1177 quidem
1909 1113 2243 1165 vetustiores
2293 1113 2432 1166 (11130

233 1209 623 1276 apparuerunt.

432 1299 681 1364 Quarum
716 1299 951 1353 alteram
984 1299 1187 1352 litteris
1235 1318 1374 1370 quas
1411 1299 1606 1353 dicunt
1640 1302 1877 1355 cursivis
1916 1304 2140 1356 saeculo
2178 1312 2241 1357 ut
2277 1306 2431 1358 vide-

230 1406 320 1450 tur
358 1399 554 1468 quinto
592 1403 874 1450 exaratam
893 1403 924 1463 ¹,
963 1394 1167 1451 Gram
1179 1397 1413 1450 matici
1450 1397 1741 1450 cuiusdam
1760 1398 1950 1452 Latini
1984 1401 2299 1472 fragmenta.
2336 1422 2431 1455 ex—

230 1494 420 1548 hibere
458 1496 571 1548 iam
607 1514 672 1548 ea
715 1513 782 1548 οΧ
819 1513 878 1548 10
912 1501 1091 1566 patet,
1137 1493 1290 1565 quod
1334 1494 1476 1547 duae
1513 1494 1713 1548 saltem
1751 1498 1990 1568 paginae
2025 1498 2197 1551 hosce
2234 1500 2430 1552 titulos

232 1591 560 1645 ostendunt:
608 1594 695 1645 De
728 1591 878 1646 Verbo
914 1599 971 1645 et
1005 1595 1091 1646 De
1118 1590 1376 1645 Aduerbio.
1428 1589 1702 1656 Quisnam
1738 1612 1868 1648 vero
1907 1602 2099 1648 auctor
2135 1596 2231 1649 1110
2266 1598 2433 1650 fuerit

230 1690 578 1760 ignoramus,
623 1708 797 1761 quum
840 1690 1086 1743 nominis
1130 1690 1250 1744 eius
1294 1690 1536 1760 vestigia
1580 1692 1835 1764 indagari
1869 1712 2149 1764 nusquam
2195 1696 2430 1765 possint.

230 1786 308 1839 At
340 1793 530 1840 tamen
567 1786 719 1840 haud
753 1805 992 1858 magnae
1027 1787 1191 1841 illum
1225 1787 1574 1841 auctoritatis
1616 1808 1738 1843 esse
1774 1789 1905 1843 inde
1934 1790 2098 1843 facile
2131 1791 2431 1863 colligitur,

230 1884 380 1955 quod
435 1891 580 1938 teste
625 1883 691 1937 V.
740 1882 824 1939 Ol.
873 1884 1134 1940 Eduardo
1178 1883 1351 1952 Rom),
1413 1887 1510 1956 qui
1556 1888 1885 1958 scriptorem
1933 1894 2188 1940 nostrum
2238 1889 2431 1959 paullo

232 1982 546 2035 accuratius
582 1981 830 2052 inspexit
867 2015 941 2021 -—-
981 2002 1112 2038 nam
1149 1984 1260 2054 ipsi
1288 1982 1500 2038 Granio
1537 1990 1758 2038 tantum
1794 1985 2162 2039 adtendentes
2198 1988 2427 2039 nonnisi

233 2079 411 2134 obiter
444 2063 608 2132 illum
646 2081 1011 2134 tractavimus
1047 2113 1121 2120 ——-
1156 2080 1452 2135 ‚Iuvenalis
1489 2089 1687 2153 poetae
1724 2089 1780 2135 et
1807 2082 2081 2137 Martialis
2118 2102 2323 2136 nomen
2359 2084 2431 2138 ab

233 2186 456 2231 auctore
501 2178 611 2230 isto
652 2177 965 2232 laudantur.
1035 2175 1161 2243 Qua
1207 2198 1275 2231 ex
1309 2198 1367 2232 re
1412 2186 1468 2232 et
1511 2186 1643 2252 post
1677 2181 1900 2234 initium
1949 2181 2157 2234 saeculi
2201 2183 2430 2235 secundi

234 2293 358 2327 eum
396 2276 689 2347 scripsisse
723 2283 778 2329 et
814 2274 1038 2329 saeculo
1077 2276 1274 2348 quinto
1310 2279 1673 2332 recentiorem
1711 2298 1827 2332 non
1860 2279 2034 2332 fuisse
2073 2281 2335 2350 sequitur.

432 2373 624 2427 Tertia
679 2372 919 2444 denique
969 2373 1245 2444 scriptura
1289 2374 1509 2430 duabus
1562 2376 2024 2431 antecedentibus
2069 2377 2237 2449 longe
2286 2380 2431 2431 anti—

237 2469 395 2537 quior
431 2469 644 2524 Grani
678 2469 1032 2524 Liciniani
1072 2471 1380 2525 Annalium
1414 2472 1795 2527 Romanorum
1841 2474 2155 2547 fragmenta
2190 2476 2431 2541 exhibet,

236 2564 435 2619 litteris
480 2567 808 2623 maiusculis
854 2569 1186 2639 conscripta.
1259 2567 1527 2642 Singulae
1564 2572 1803 2643 paginae
1839 2571 1988 2626 binis
2026 2574 2305 2627 columnis
2338 2593 2432 2626 ex-

236 2669 419 2714 aratae
454 2664 656 2734 viginti
701 2671 940 2736 quatuor
979 2684 1175 2720 versus
1211 2667 1504 2722 continent
1549 2669 1776 2740 suisque
1810 2670 1994 2724 titulis
2029 2671 2166 2724 011111
2206 2680 2432 2724 ornatae

236 2766 418 2825 erant,
461 2761 557 2831 qui
601 2768 790 2816 tamen
836 2761 1003 2816 hodie
1049 2782 1165 2817 non
1209 2782 1406 2818 omnes
1454 2764 1696 2819 discerni
1740 2774 1994 2838 possunt.
2075 2767 2183 2822 Sed
2229 2769 2298 2822 de
2343 2770 2432 2823 his

236 2858 474 2928 aliisque
527 2874 668 2927 quae
721 2859 831 2913 huc
886 2868 1146 2931 spectant
1201 2863 1313 2916 iam
1361 2864 1728 2934 sequentibus
1783 2865 2063 2936 capitibus
2116 2867 2431 2920 accuratius

234 2954 402 3009 nobis
435 2953 836 3025 disputandum
871 2957 988 3011 erit.

365 3073 404 3121 1)
440 3071 535 3109 Vide
561 3072 766 3122 scripturae
792 3074 978 3122 specimen
1005 3075 1043 3112 in
1071 3076 1145 3112 fine
1170 3074 1254 3112 libri
1282 3075 1502 3113 subiectum.

1885 3350 1961 3394 32
