2634 3710
927 468 1073 507 GRANI
1101 467 1328 506 LlclNlANl
1358 467 1448 506 LIB.
1482 466 1627 505 xxxv.
2317 452 2390 505 39

195 612 292 661 culi
338 609 640 674 dissipatum.
707 626 798 659 nec
845 626 983 675 spem
1025 608 1155 656 vitae
1202 607 1413 656 ostendit
1460 647 1469 656 .
1493 607 1543 655 .*.
1567 647 1575 654 .
1599 646 1608 655 .
1631 646 1640 655 .
1689 607 1876 673 aliquot
1926 607 2027 656 dies
2070 608 2151 673 ip.
2175 647 2183 655 .
2205 647 2214 656 .
2246 648 2254 656 .
2278 648 2287 656 .
2311 648 2319 656 .
2342 647 2352 658 .
2375 649 2384 657 .

195 739 333 750 .....
378 699 494 765 quia
539 700 646 748 sani
692 739 701 748 .
725 739 734 748 .
757 739 766 748 .
790 739 798 747 .
822 739 831 746 .
855 739 864 747 .
914 699 976 747 sit
1023 736 1034 747 .
1056 737 1066 746 .
1089 736 1098 746 .
1143 697 1363 747 cassibus
1411 738 1420 746 .
1444 738 1454 747 .
1477 738 1485 746 .
1509 738 1518 746 .
1542 737 1552 747 .
1600 699 1777 746 missus
1826 698 2093 747 exercitum
2140 699 2391 764 acciperet⁷

193 791 310 839 dum
353 790 452 858 1110ζ
481 790 789 839 convalescit.
852 790 915 838 ad
962 806 1108 854 quem
1155 788 1417 854 Pompeius
1464 798 1663 855 repente
1715 806 1767 837 se
1810 789 1965 854 erigit.
2018 790 2209 855 legatus
2254 827 2390 838 .....

191 881 326 929 fuere
375 917 670 929 ..........
692 917 733 942 ..
754 917 765 928 .
785 898 842 928 us
887 897 993 928 esse
1037 887 1292 928 contentus
1329 879 1631 928 adsentiente
1666 888 1838 946 patrea
1876 879 2212 929 adulescentes
2249 880 2391 928 Pom—

190 970 299 1036 peio
344 970 446 1019 dies
484 1008 748 1019 .........
767 970 841 1018 nit
877 969 1047 1019 Cassio
1061 970 1093 1017 ὗ.
1165 969 1384 1018 Tertium
1432 978 1542 1036 post
1578 970 1709 1019 diem
1745 970 2007 1036 Pompeius
2044 971 2280 1019 moriturc
2316 1010 2326 1019 .
2349 1010 2390 1019 ..

191 1062 294 1109 eius
320 1061 468 1110 funus
498 1061 710 1127 populus
738 1061 1051 1109 Βο111ε11111εᾶ1
1080 1060 1259 1109 diruite
1288 1068 1632 1127 mortuinnque
1661 1078 1789 1110 unco
1819 1079 2111 1127 suspensum
2136 1079 2223 1127 per
2240 1063 2261 1105 f
2286 1080 2392 1111 cae-

189 1170 309 1200 num
342 1153 533 1201 trahere
567 1170 668 1200 non
704 1151 910 1212 destitit,
959 1151 1184 1200 omnibus
1222 1151 1637 1200 consentientibus
1684 1151 1885 1218 dignam
1923 1152 2057 1201 caelo
2093 1170 2303 1218 poenam
2347 1163 2393 1201 et

189 1243 419 1308 perfidiae
475 1253 522 1291 et
564 1234 798 1291 avaritiae
844 1279 1301 1291 ...............
1315 1255 1337 1287 9
1378 1243 1577 1291 tandem
1624 1243 1928 1309 expendisse.
1984 1243 2068 1291 sed
2114 1244 2308 1310 patresh
2347 1254 2392 1291 et

186 1334 371 1382 tribuni
396 1352 617 1400 repressa
646 1333 961 1381 multitudine
997 1333 1229 1381 cadaver*
1257 1352 1403 1400 super
1437 1334 1536 1383 inci
1556 1371 1886 1383 ...........
1906 1332 1998 1382 bus
2033 1336 2199 1384 tramit
2219 1373 2391 1383 ......

186 1461 419 1473 ........
455 1425 507 1472 in
541 1423 819 1473 lecticulam
854 1423 1124 1489 vulgariter
1156 1442 1267 1473 euni
1304 1425 1487 1473 elatum
1524 1425 1804 1490 sepulturae
1840 1425 2022 1474 datum.

390 1516 712 1582 Pompeianos
751 1513 984 1564 Octavius
1021 1516 1073 1564 in
1110 1534 1198 1565 sua
1234 1524 1393 1565 castra
1427 1515 1640 1564 traducit
1675 1524 1723 1563 et
1757 1515 1921 1581 copias
1958 1515 2187 1565 Metellus
2221 1526 2390 1565 contra

187 1606 396 1656 Cinnam
438 1607 733 1672 produxerat
746 1607 771 1668 ἱ,
813 1623 926 1654 011111
968 1607 1147 1655 milites
1192 1616 1391 1673 repente
1428 1643 1659 1655 ........
1670 1607 1689 1639 ¹²·
1722 1607 1836 1655 totis
1874 1606 2085 1655 clamore
2123 1607 2390 1655 exercitum

187 1696 373 1745 Cinnae
410 1698 626 1746 salutant
660 1715 717 1746 ac
752 1697 1094 1746 resalutantur.
1151 1699 1347 1747 territus
1382 1714 1435 1746 re
1469 1714 1600 1746 nova
1634 1697 1864 1746 Metellus
1901 1697 2165 1746 exercitum
2201 1698 2387 1746 reducit

186 1797 331 1853 atque
363 1789 467 1854 ipse
502 1789 627 1837 inter
652 1789 834 1854 primos
863 1788 926 1837 ad
945 1788 1155 1837 Cinnam
1193 1790 1252 1838 de
1274 1806 1395 1855 pace
1426 1789 1644 1855 legatum
1673 1788 1822 1837 mittit
1834 1789 1858 1836 l.
1901 1788 1960 1837 de
1993 1825 2132 1836 .....
2168 1806 2387 1854 regresso

185 1880 360 1928 Crasso
406 1880 574 1945 fugaci
588 1882 614 1927 l.
671 1887 874 1945 urgente
927 1897 1039 1928 eum
1081 1879 1281 1929 Metello
1333 1897 1445 1929 cum
1493 1916 1662 1928 ......
1714 1896 1800 1928 cur
1853 1880 1958 1944 ipse
2015 1879 2234 1928 silei-etl?
2280 1917 2322 1927 ..
2345 1917 2386 1927 ..

184 1971 386 2035 quaerit.
449 1968 607 2017 Cinna
643 1970 832 2019 nullam
868 1970 928 2019 ed
948 2008 958 2018 .
980 2008 991 2021 .
1014 2008 1024 2019 .
1046 2008 1056 2019 .
1078 1989 1157 2019 ere
1192 1980 1356 2020 tamen
1393 1988 1444 2019 se
1480 1970 1625 2019 cede2
1639 2007 1905 2019 .........
1916 1982 1948 2004 ⁷¹²

386 2060 605 2108 Fimbria
639 2061 824 2126 proelio
866 2061 1127 2111 infeliciter
1163 2062 1352 2111 devicto
1388 2079 1546 2127 neque
1583 2061 1766 2124 occiso⁷
1814 2079 1925 2111 011111
1961 2072 2008 2112 et
2044 2063 2148 2128 ipse
2184 2098 2385 2109 .......

187 2188 642 2200 ...............

976 2394 1167 2432 BELLUM
1206 2394 1597 2433 MITHRIDATICUM.

186 2606 219 2654 ⁸.
242 2643 251 2653 .
274 2642 283 2653 .
305 2642 315 2653 .
336 2614 492 2654 castra
521 2641 1227 2656 .........................
1256 2607 1459 2672 Dorylai
1470 2618 1506 2653 η.
1544 2605 1817 2654 Archelaus
1847 2640 2354 2653 ..................
2367 2617 2385 2637 ⁰

308 2694 375 2743 .*.
405 2732 415 2742 .
444 2732 454 2742 .
489 2713 582 2744 nus
645 2694 783 2744 Sulla
834 2695 1053 2745 Athenas
1108 2715 1331 2746 reversus
1393 2698 1444 2745 in
1497 2697 1742 2762 principes
1797 2695 2048 2744 seditionis
2112 2705 2159 2744 et
2212 2695 2382 2743 noxios

300 2811 338 2853 a)
363 2811 418 2842 ita
441 2810 538 2851 forte
562 2810 794 2843 scribendum.
903 2810 940 2853 b)
971 2811 1066 2844 locus
1090 2812 1192 2844 valde
1218 2816 1416 2854 corruptus.
1535 2811 1569 2854 c]
1601 2812 1652 2844 sic
1677 2812 1773 2854 leyo5
1806 2811 1896 2843 idem
1922 2811 2071 2843 coniecit
2096 2811 2148 2843 M.
2262 2811 2299 2852 d)
2332 2811 2383 2842 ica

183 2875 328 2908 coniicio
355 2871 536 2914 legendnm
562 2882 648 2906 esse.
736 2875 772 2916 e)
798 2874 942 2917 diripuit
966 2874 1072 2907 scribi
1097 2874 1193 2908 iubet
1217 2875 1270 2907 M.
1354 2875 1393 2918 f)
1419 2885 1508 2907 unco
1535 2884 1743 2917 suspensum
1768 2884 1828 2916 per
1854 2873 1906 2906 M.
1990 2873 2027 2916 9)
2055 2874 2148 2906 locus
2175 2877 2382 2915 corrupens;

183 2949 228 2970 an
255 2937 436 2979 legendum
460 2938 635 2967 mortuum
666 2960 696 2968 ..
723 2938 759 2969 .‘?
885 2936 923 2980 h)
955 2938 1009 2970 ita
1034 2938 1182 2980 scripsi,
1217 2948 1298 2970 uam
1322 2938 1435 2980 primo
1463 2939 1600 2982 (μιὶιίεηι
1624 2936 1687 2969 has
1713 2937 1859 2970 litteras
1883 2937 1920 2969 in
1946 2937 2062 2968 codice
2088 2946 2140 2969 me
2168 2937 2294 2978 leyisse
2319 2946 2384 2978 pn-

185 2999 321 3032 tabam:
352 2994 562 3041 PA.11RES‚
590 2998 680 3041 quod
703 2999 778 3032 siue
805 3000 908 3033 dubio
932 3001 1172 3044 recipiendum
1197 3005 1264 3033 est.
1377 3001 1408 3044 i)
1438 3002 1489 3034 sic
1513 3000 1742 3035 scribendum.
1861 2997 1898 3042 k)
1931 2998 2111 3032 ordinibus
2135 3000 2305 3042 proponit
2331 2999 2382 3031 M.

184 3064 217 3105 l)
240 3064 294 3095 ita
319 3061 477 3094 coniicit).
578 3062 628 3103 m)
660 3071 705 3094 tm
731 3064 1022 3105 temperaturum?
1129 3065 1169 3105 π)
1200 3065 1251 3096 sic
1276 3065 1365 3107 leyo.
1472 3064 1509 3108 ο)
1543 3065 1613 3097 iam
1639 3073 1726 3107 qtme
1751 3063 1890 3105 reliqua
1915 3067 1968 3094 est
1993 3061 2094 3094 huius
2118 3062 2272 3104 puyinae
2297 3072 2382 3103 pars

184 3126 294 3160 omnis
317 3126 396 3168 fere
422 3134 529 3157 erasa
554 3128 619 3158 est.

270 3204 311 3259 1)
352 3203 425 3246 cfr.
447 3201 599 3258 Vellej.
623 3203 682 3256 ΙΙ,
709 3203 781 3244 21:
820 3205 892 3246 Cn.
923 3206 1147 3262 Pompeius
1178 3205 1245 3248 de·
1315 3206 1468 3248 intulit.
1506 3204 1616 3247 Vide
1639 3204 1767 3247 etiam
1788 3203 2002 3247 Plutarch.
2023 3205 2175 3260 Pomp.
2199 3217 2290 3258 cap.
2315 3203 2351 3243 1.

182 3280 303 3322 cessit
337 3308 513 3319 .......
554 3276 822 3332 populusque
861 3277 1076 3320 Romanus
1119 3294 1245 3334 quam
1397 3277 1442 3335 2)
1481 3278 1558 3320 cfr.
1587 3277 1773 3336 Appian.
1802 3277 1830 3319 l.
1861 3293 1897 3319 0.
1924 3277 1959 3331 Ι,
1988 3277 2062 3331 7ος
2094 3274 2307 3319 Plutarch.
2336 3274 2378 3315 in

182 3354 272 3396 vivo
300 3349 567 3394 iracundiam
605 3348 801 3391 debuerat
837 3350 883 3391 in
912 3366 1062 3407 corpus
1090 3353 1249 3394 ‘mortui
1311 3350 1448 3394 Mario
1479 3366 1571 3408 cap.
1587 3351 1654 3393 43.

2417 631 2458 662 A.
2480 633 2519 664 U.
2534 632 2569 663 (¹.

2460 680 2537 711 (³67.

2420 725 2431 736 ⁸
2446 724 2503 756 fol.
2522 728 2538 757 3
2555 737 2579 756 r.

2420 1354 2432 1366 ⁸
2452 1357 2514 1389 col.
2534 1360 2564 1388 2.

2415 2410 2455 2441 A.
2471 2410 2508 2441 U.
2521 2410 2557 2441 (¹.

2454 2458 2531 2488 668.

2413 2620 2424 2633 ’
2438 2623 2495 2654 sol.
2517 2626 2533 2653 7
2548 2634 2574 2654 r.

2410 2711 2422 2724 ⁸
2435 2714 2490 2745 fol.
2513 2711 2551 2744 7'.
