2634 3710
852 808 1706 896 PRAEFATIO.

708 1228 780 1289 DE*
800 1253 945 1290 PRIMA
975 1253 1103 1291 LIBRI
1134 1252 1267 1290 MANL·
1301 1251 1483 1289 SCRIPTI
1514 1249 1847 1288 INDAGATIONE.

378 1316 750 1407 Auctumno
789 1354 924 1406 anni
955 1355 1097 1408 1853
1144 1372 1318 1425 quum
1351 1349 1609 1405 GEORGms
1646 1349 1919 1403 HEINRICUS
1954 1355 2113 1419 pater
2134 1347 2379 1401 Londini

184 1469 403 1503 mecum
436 1451 494 1503 in
514 1450 710 1504 Museo
746 1449 1072 1505 Britannico
1107 1450 1284 1504 libros
1320 1467 1493 1502 manu
1530 1448 1770 1518 scriptos
1807 1444 1878 1498 ad
1912 1444 2206 1499 historiam
2237 1443 2378 1500 Ger-

179 1548 396 1601 maniae
427 1549 771 1619 pertinentes
802 1548 1100 1616 evolveret,
1137 1547 1344 1602 accidit
1370 1553 1434 1599 ut
1461 1544 1528 1598 V.
1560 1542 1643 1599 Ol.
1671 1542 1882 1598 Paulus
1910 1540 2198 1595 Bo'TTmHER
2234 1542 2376 1595 Phil.

178 1645 272 1698 Dr.
309 1645 406 1716 qui
443 1644 641 1699 eode‘m
675 1652 927 1717 tempore
963 1644 1174 1699 ibidem
1204 1644 1397 1717 Syrios
1436 1642 1658 1696 codices
1693 1639 1986 1705 tractabat,
2020 1638 2228 1693 librum
2257 1660 2378 1694 sae—

178 1741 305 1796 culo
342 1742 640 1796 undecimo
678 1744 1064 1815 conscriptum
1099 1742 1265 1797 nobis
1310 1742 1572 1808 adferret,
1621 1758 1787 1811 quem
1831 1739 1890 1790 in
1927 1736 2185 1809 catalogo
2221 1736 2376 1792 MSS.

177 1839 532 1912 palimpsesti
557 1842 785 1894 1101111116
816 1842 1103 1913 signatum
1124 1842 1414 1895 invenerat
1443 1845 1499 1893 et
1522 1857 1690 1910 quem
1721 1836 2028 1907 scripturae
2056 1836 2377 1888 vetustioris

177 1957 364 1992 erasae
400 1939 643 2011 vestigia
689 1937 965 2010 quaedam
1011 1937 1273 1992 exhibere
1309 1937 1642 1992 adfirmavit.
1712 1933 1838 2000 Quo
1882 1932 2025 1985 libro
2063 1934 2376 1986 accuratius

177 2037 457 2108 inspecto,
512 2056 646 2090 mox
692 2056 808 2090 non
857 2036 1031 2091 semel
1082 2037 1418 2107 rescriptum
1463 2053 1587 2088 esse
1642 2039 1697 2086 et
1736 2032 2053 2103 fragmenta
2099 2030 2260 2083 illum
2304 2030 2376 2088 ad

176 2133 467 2188 historiam
503 2134 816 2188 Romanam
861 2134 1201 2206 pertinentia
1237 2134 1523 2186 continere
1567 2137 1726 2203 pater
1770 2128 2074 2196 intellexit3
2119 2128 2376 2198 quamvis

177 2234 327 2285 enim
381 2233 675 2303 perpaucis
722 2239 946 2286 tantum
997 2231 1140 2286 locis
1188 2232 1496 2302 scripturae
1549 2228 1837 2300 specimen
1882 2226 2123 2278 discerni
2168 2231 2375 2296 posset,

178 2335 367 2383 tamen
420 2329 656 2383 vocibus
715 2332 1012 2383 SULLANI
1066 2337 1122 2383 et
1169 2329 1612 2391 CAPITOLIUM,
1668 2324 1907 2395 denique
1957 2324 2376 2374 SACERDOTIO

179 2424 426 2474 MARTIS
472 2427 563 2482 vel
608 2427 777 2481 nudis
822 2427 1003 2481 oculis
1048 2427 1431 2499 investigatis,
1478 2424 1808 2478 historicum
1846 2421 2164 2475 Romanum
2203 2439 2376 2491 (111611-

180 2521 308 2574 dam
341 2522 537 2579 adesse
574 2524 819 2579 dubitari
854 2544 970 2579 non
1005 2532 1238 2596 poterat.
1306 2523 1384 2578 At
1416 2542 1546 2577 vero
1584 2530 1720 2575 tunc
1755 2520 2026 2590 temporis
2064 2518 2376 2571 accuratius
2444 2535 2447 2537 ·

181 2618 429 2673 codicem
465 2622 743 2677 tractandi
779 2625 1136 2677 occasionem
1171 2629 1372 2676 nactus
1408 2639 1523 2674 non
1559 2627 1672 2688 est,
1707 2638 1840 2671 nam
1877 2624 1933 2670 et
1967 2616 2086 2669 dies
2123 2635 2234 2687 (1110
2269 2614 2376 2667 Be-

178 2715 422 2769 rolinum
456 2719 632 2773 redire
680 2719 789 2784 sibi
833 2726 1203 2793 proposuerat
1237 2719 1489 2790 proxime
1525 2716 1810 2782 adstabat,
1858 2732 2040 2785 neque
2074 2713 2376 2784 reagentiis

179 2823 241 2867 ut
283 2813 478 2867 dicunt
523 2816 790 2871 chemicis
834 2817 1016 2872 ullum
1062 2816 1270 2871 librum
1316 2824 1569 2888 tangere,
1612 2815 1723 2867 nisi
1765 2811 1995 2884 speciali
2044 2809 2375 2864 Curatorum

180 2910 360 2964 Musei
395 2910 703 2966 Britannici
737 2917 1070 2970 auctoritate
1106 2916 1382 2968 instructo
1419 2912 1738 2967 concedunt
1771 2911 1941 2982 leges,

379 3006 574 3080 Itaque
621 3028 794 3081 quum
838 3032 986 3067 anno
1036 3014 1178 3067 1855
1232 3016 1468 3065 exeunte
1516 3010 1720 3063 iterum
1762 3007 2008 3062 Londini
2053 3013 2375 3071 moraretur,

179 3106 399 3158 veniam
446 3105 605 3159 illam
656 3115 857 3162 nactus
904 3118 1062 3182 pater
1106 3109 1302 3162 decem
1345 3107 1459 3162 fere
1500 3106 1645 3173 dieS,
1699 3104 1831 3160 inde
1872 3125 1905 3159 a
1949 3112 2107 3159 sexto
2156 3104 2373 3160 decimo

180 3200 440 3256 Octobris
495 3221 674 3274 usque
732 3204 802 3259 ad
849 3205 1019 3261 finem
1072 3205 1325 3261 eiusdem
1370 3205 1607 3271 mensis,
1661 3204 1721 3256 in
1769 3201 2137 3256 describendo
2182 3201 2372 3254 codiee

1881 3316 1909 3346 a
