2634 3710
37 623 78 654 A.
93 622 134 654 U.
149 621 188 654 C.

82 670 158 701 663.

68 893 79 905 '
91 893 154 926 eol.
171 897 200 925 2.

68 2043 151 2077 ‘soh
166 2041 207 2076 θ’.

58 2091 98 2124 A.
112 2091 154 2123 U.
169 2090 207 2123 C.

111 2139 174 2170 673

51 2185 148 2215 Mart.
169 2187 218 2215 1⁸2.

218 451 291 503 42
956 465 1102 503 GRANI
1133 463 1356 503 LlclNlANl
1386 465 1476 503 Lm.
1501 464 1660 503 xxxvl.

224 607 450 669 nomine,
515 624 717 673 eamque
771 605 1035 671 Cyzicum‘¹
1088 621 1198 653 eum
1252 604 1447 653 Socrate
1507 614 1553 652 et
1613 599 1894 669 quingentis
1943 607 2138 656 talentis
2196 607 2406 673 ablegat.

224 713 337 745 sene
378 698 618 757 mortuo¹,
671 697 908 745 incertum
951 713 1013 743 an
1058 712 1270 756 veneno,
1317 693 1641 743 Nicomedes²
1678 693 1837 742 filiusb
1884 696 2122 758 succedit,
2174 697 2409 747 truncatis

227 824 1115 834 ...................
1154 785 1335 833 amissa
1370 795 1538 846 matre,
1575 801 1788 833 sororem
1824 785 1974 850 patris
2015 785 2148 835 ducit
2182 803 2407 849 uxorem,

226 886 427 942 patrem,
462 893 607 941 quem
645 915 654 923 .
687 915 695 923 .
726 915 735 923 .
766 895 819 925 ra
846 915 855 924 .
895 876 1006 924 huie
1042 875 1155 922 vivo
1182 883 1385 924 voverat
1407 874 1459 934 θ’,
1497 912 1507 922 .
1534 913 1543 922 .
1573 912 1584 921 .
1612 875 1750 922 Ionos
1787 885 1896 939 post
1930 875 2214 924 mortuast‘c
2242 876 2409 924 morbo

225 984 288 1014 an
307 967 431 1014 dolo.
485 966 672 1032 Nysam
684 967 714 1027 ³,
751 966 1048 1015 Ariarathis⁴
1077 965 1422 1030 Cappadocum
1442 965 1570 1029 regis
1598 965 1763 1025 filiam,
1794 965 1992 1030 aceepit.
2031 964 2166 1012 Haec
2194 964 2412 1015 Socrates

224 1057 287 1105 ad
323 1056 516 1122 rege1n⁵
546 1056 638 1104 fert
650 1057 686 1117 (ἰ,
721 1055 914 1122 regcm⁰
947 1056 1093 1104 refert
1122 1055 1307 1104 bellum
1341 1065 1510 1104 contra
1537 1056 1736 1103 tratrem
1767 1054 2060 1103 incitavisse.
2109 1053 2353 1119 Exceptus
2386 1073 2414 1102 a

225 1164 339 1213 rege
376 1146 623 1206 munifice,
667 1147 991 1195 Chrestus⁷
1023 1146 1167 1194 etiam
1205 1146 1346 1210 quasi
1388 1145 1585 1193 meliore
1622 1145 1818 1192 nomine
1860 1143 1921 1192 ab
1957 1144 2126 1192 eodem
2163 1152 2412 1205 vocatus‘‚

226 1237 429 1285 Romam
464 1236 525 1284 ad
560 1253 765 1301 regnum
800 1235 1125 1302 expetendmn
1161 1236 1339 1284 frustra
1374 1235 1617 1301 profectus
1645 1236 1916 1300 Cyzicumf
1946 1234 2082 1295 redit,
2121 1252 2235 1282 nam
2262 1232 2419 1282 redire

230 1328 291 1375 ad
326 1344 486 1392 regem
527 1327 683 1391 pudor
714 1325 1040 1392 prohibuerat.
1093 1326 1160 1375 ibi
1198 1325 1405 1374 avaritia
1437 1325 1604 1374 eedem
1641 1325 1899 1386 suadente,
1934 1324 2093 1372 occisa
2128 1341 2312 1384 sorore,
2347 1324 2420 1372 in·

229 1416 540 1482 sequentibus
576 1417 884 1482 Philopatore
921 1416 1067 1464 simul
1103 1426 1150 1470 et
1178 1416 1446 1482 Cyzicenis,
1482 1414 1730 1463 Euboeam
1769 1415 1924 1475 venit,
1960 1413 2044 1462 ubi
2076 1414 2207 1479 apud
2243 1415 2422 1463 Corne—

231 1507 350 1554 lium
387 1505 629 1570 quendam
665 1507 875 1572 equitem
894 1506 1168 1555 Romanum
1196 1505 1473 1566 devertitur,
1511 1506 1626 1554 satis
1655 1505 1865 1570 benigne
1895 1513 2125 1570 exceptus
2139 1515 2175 1563 9,
2213 1544 2223 1552 .
2247 1544 2255 1552 .
2279 1544 2288 1552 .
2316 1504 2419 1553 eius

229 1596 328 1644 filio
362 1595 658 1645 adulescenti
697 1634 862 1645 ......
900 1597 1082 1645 seelera
1117 1596 1300 1644 discere
1338 1633 1706 1645 ............

1111 1847 1173 1884 ex
1206 1846 1349 1884 Lumo
1382 1844 1541 1882 xxxvl.

1279 1943 1365 1991 lx.

234 2072 244 2082 .
267 2073 276 2081 .
298 2072 307 2081 .
331 2032 438 2082 .‘lis
465 2033 739 2081 admonitus
767 2032 1069 2093 contendere,
1100 2033 1291 2098 refugit.
1329 2043 1377 2081 et
1406 2032 1680 2098 Pompeius,
1717 2050 1871 2081 annos
1903 2041 2045 2081 natus
2073 2029 2235 2090 XXV,
2269 2045 2422 2094 eques

241 2125 510 2185 Romanus,
556 2123 686 2189 quod
723 2141 863 2171 nemo
900 2133 1063 2183 antea,
1099 2140 1185 2187 pro
1222 2132 1441 2187 praetore
1477 2140 1536 2170 ex
1572 2122 1739 2170 Africa
1775 2121 2122 2188 triumphavit⁸
2151 2118 2266 2167 IIII.
2304 2116 2421 2165 Idus

238 2215 439 2262 Mau-tias
477 2253 487 2262 .
524 2215 606 2279 qui
645 2253 688 2263 ..
728 2213 1063 2261 admemornnt
1101 2251 1503 2260 .............
1525 2223 1618 2260 tem
1657 2211 1888 2277 elephant
1925 2245 2423 2259 ................

351 2366 390 2402 ιι)
421 2362 471 2393 sic
495 2360 724 2393 scribendum.
826 2360 861 2400 b)
894 2362 943 2392 sic
971 2360 1063 2401 sort.-
1091 2358 1355 2391 ernmnlnmlum.
1458 2358 1513 2399 11⁸)
1545 2364 1687 2390 noverat
1712 2363 1746 2390 ut
1775 2359 1914 2391 uidetur
1938 2358 2012 2390 cod.
2115 2356 2149 2397 c)
2183 2360 2349 2386 mortuast
2374 2353 2425 2385 M.

237 2425 301 2465 cfr.
321 2424 418 2465 infra
440 2423 569 2465 fraym.
584 2423 614 2455 X
632 2423 719 2455 med.
745 2423 934 2455 adsensast.
1007 2421 1045 2462 d)
1070 2421 1132 2453 furt
1148 2421 1204 2460 ,213
1231 2421 1312 2452 feeit
1332 2425 1367 2452 ue
1388 2420 1527 2453 veletur
1542 2422 1615 2453 cod.
1687 2420 1722 2462 c)
1748 2427 1928 2454 revocatus
1953 2420 2026 2452 cod.
2099 2419 2136 2460 Ῑ)
2161 2419 2211 2451 sic
2233 2418 2426 2460 leyendum.

236 2484 276 2527 μ)
307 2486 357 2517 sic
385 2486 478 2527 forre
506 2484 734 2516 scrihendmu.

323 2605 367 2662 1)
398 2605 704 2648 Nicomedes
736 2606 803 2657 ll,
842 2605 1108 2662 Epiphanes,
1149 2621 1185 2646 a.
1215 2605 1297 2646 «363
1450 2604 1496 2658 8)
1528 2604 1604 2645 cfr.
1636 2604 1729 2646 Liv.
1762 2603 1874 2660 Epit.
1904 2602 1978 2643 89:
2022 2603 2094 2643 (s'n.
2129 2603 2348 2658 Pompeius
2383 2603 2428 2644 iu

230 2685 428 2720 mortuus
458 2685 533 2720 est.
1366 2676 1521 2731 Africa
1537 2676 1610 2718 Cn.
1630 2676 1859 2718 Domitium
1866 2675 2151 2730 proscriptum
2167 2682 2203 2716 et
2220 2674 2428 2716 Hiar-bam

318 2750 366 2807 2)
395 2750 482 2792 scil.
513 2750 822 2793 Nicomedes
853 2749 943 2802 III,
984 2749 1245 2806 Philopator.
1368 2763 1502 2803 reqem
1531 2747 1758 2790 Numidiae
1788 2747 1937 2790 bellum
1965 2746 2178 2789 molientes
2207 2746 2334 2788 victos
2362 2760 2425 2787 oc-

322 2821 368 2877 3)
401 2823 472 2864 cfr.
497 2822 668 2865 Sallust.
693 2823 844 2880 fragm.
861 2821 1020 2863 Histor.
1040 2821 1116 2874 IV,
1137 2822 1192 2862 20
1215 2824 1254 2874 ξ.
1272 2821 1297 2863 9
1365 2819 1468 2861 vidit
1497 2828 1534 2862 et
1562 2828 1755 2875 quattuor
1785 2827 1822 2861 et
1850 2820 2004 2875 viqz'nti
2028 2834 2159 2860 annos
2188 2826 2323 2870 name,
2353 2816 2426 2859 ad-

240 2895 305 2936 ed.
327 2894 462 2937 Kritz.
501 2894 701 2938 Ceterum
726 2894 953 2938 Sallustius
974 2893 1151 2950 Nysam,
1182 2893 1297 2935 tenui
1367 2892 1444 2933 huc
1482 2907 1604 2947 eques
1632 2892 1864 2944 Romanus,
1905 2890 2017 2946 quod
2053 2890 2165 2932 nulli
2189 2891 2427 2947 conbiqerat,

238 2967 329 3009 loco
345 2974 490 3020 ortam,
515 2982 540 3009 a
555 2967 705 3009 marito
727 2967 895 3009 demum
916 2965 969 3007 ad
986 2965 1147 3021 regiam
1169 2965 1300 3022 digni·
1367 2979 1419 3006 ex
1455 2963 1613 3019 Africa
1650 2963 1931 3018 triumphavit.
1997 2961 2109 3004 Vide
2146 2961 2273 3005 etiam
2309 2961 2425 3004 Fast-

239 3044 370 3081 tatem
400 3046 590 3081 evectam
620 3038 845 3095 indigitare
875 3036 1059 3079 videtur.
1368 3034 1549 3090 Capitol.
1573 3049 1611 3076 a.
1633 3034 1736 3088 6723
1766 3035 1980 3077 Plutarch.
2002 3035 2045 3076 in
2067 3034 2219 3090 Pomp.
2243 3048 2335 3090 cap.
2351 3032 2425 3084 253

321 3111 368 3166 4)
397 3111 634 3153 Ariarathis
663 3111 765 3153 VII.
1366 3107 1544 3162 Eutrop.
1559 3105 1613 3159 V,
1629 3106 1675 3148 9:
1707 3107 1779 3149 Cu.
1797 3108 1917 3150 etiam
1933 3108 2168 3163 Pompeius,
2190 3104 2304 3161 quod
2315 3102 2427 3144 nulli

322 3182 368 3238 ὃ)
399 3181 451 3224 ad
481 3182 771 3225 Mithridatem
802 3182 974 3225 scilicet.
1366 3179 1646 3222 Romanorum
1675 3180 1871 3222 tribucum
1901 3189 2003 3233 erat,
2033 3186 2227 3235 quartum
2255 3183 2291 3217 et
2318 3173 2414 3216 XX.

323 3254 367 3309 6)
396 3254 674 3307 Nicomedem
695 3255 779 3297 ΙΙΙ.
1364 3267 1519 3294 annum
1548 3267 1696 3308 emens,
1732 3250 1783 3294 de
1811 3250 1968 3315 Africa
1995 3248 2280 3305 triumphavit.

325 3325 370 3379 7)
401 3326 474 3368 cfr.
504 3326 687 3383 Appian.
718 3327 770 3369 Β.
800 3327 860 3369 Μ.
892 3340 984 3382 cap.
1011 3325 1062 3366 10
1081 3329 1125 3365 et
1147 3323 1211 3364 13.
