2634 3710
1172 362 1506 426 PRAEFATIO.
2237 371 2439 425 XXIH

238 532 483 587 Summis
528 531 678 584 Viris
716 530 897 583 Musei
941 529 1251 582 Britannici
1295 526 1660 596 CURATORIBUS,
1722 531 1817 600 qui
1862 530 2141 584 Liciniani
2187 533 2436 587 codicem

234 635 470 682 tractare
518 629 925 680 humanissime
975 626 1140 679 nobis
1185 625 1583 696 permiserunt:
1645 626 1775 680 ante
1825 646 2020 680 omnes
2066 636 2250 682 autem
2300 632 2435 685 Viro

232 725 719 778 Reverendissimo
755 724 982 777 HEcho
1019 722 1250 788 ΜΙΒΜΑΝ,
1295 721 1584 775 Ecclesiae
1620 722 1671 776 S.
1709 723 1872 777 Pauli
1907 724 2284 780 Londinensis
2322 729 2436 782 De-

233 842 402 889 cano,
458 824 616 876 cuius
662 828 886 893 paratae
935 819 1326 891 benignaeque
1372 821 1762 874 intercessioni
1811 829 2082 894 quantum
2130 823 2435 879 debeamus

229 921 322 972 vix
372 920 481 972 dici
539 926 740 990 potest.
841 916 962 969 Nec
1018 917 1262 969 minores
1319 918 1529 988 gratias
1581 918 1852 972 debemus
1898 921 2032 975 Viro
2088 922 2435 977 Doctissimo

231 1017 500 1070 Fssmfflfloo
537 1016 755 1068 MADDEN
793 1015 992 1085 equiti,
1030 1013 1213 1068 Musei
1248 1014 1558 1067 Britannici
1594 1035 1628 1068 a
1663 1013 2035 1085 CustodibUS,
2073 1020 2168 1090 qui
2205 1039 2315 1090 qua
2349 1028 2436 1074 est

231 1114 405 1168 animi
455 1112 790 1166 liberalitate
842 1111 911 1163 ad
959 1110 1168 1164 librum
1214 1132 1385 1164 manu
1432 1113 1705 1183 scriptum
1752 1114 1967 1167 aditum
2018 1116 2183 1169 nobis
2230 1117 2435 1171 facilli-

231 1232 384 1265 mum
439 1209 722 1281 praebuit3
777 1227 889 1261 *nec
939 1227 1054 1261 non
1100 1209 1237 1263 Viro
1285 1207 1614 1284 Clarissimo
1664 1210 1908 1264 EDUARDO
1953 1212 2122 1281 BOND,
2177 1215 2435 1268 codicum

232 1328 400 1362 manu
434 1310 769 1379 scriptorum
798 1307 856 1358 in
888 1306 1085 1358 eodem
1114 1306 1310 1359 Museo
1339 1306 1762 1361 adservatorum
1791 1307 2149 1378 Subcustoffl,
2175 1312 2436 1384 reliquis-

230 1426 337 1479 que
382 1406 516 1458 viris
570 1403 833 1457 omnibus
879 1405 975 1474 qui
1027 1402 1279 1457 laborem
1334 1412 1591 1458 nostrum
1651 1406 1899 1478 benigno
1962 1410 2149 1463 animo
2189 1410 2436 1465 Londini

229 1503 556 1575 prosequuti
602 1509 747 1554 sunt.
829 1499 895 1553 In
944 1499 1247 1555 Germania
1291 1510 1480 1556 autem
1529 1511 1805 1575 quantum
1852 1503 2097 1560 Granius
2140 1509 2434 1563 restitutus

230 1601 431 1654 debeat
448 1601 583 1652 Viro
612 1606 668 1651 et
693 1598 953 1651 doctrina
981 1605 1038 1651 et
1067 1601 1375 1671 sagacitate
1405 1602 1853 1655 eminentissimo
1877 1603 2154 1658 THEoDoRo
2181 1605 2436 1658 MoMMSEN

228 1700 510 1753 neminem
546 1703 609 1749 ut
643 1702 781 1767 puto
812 1696 1057 1768 effugiet,
1095 1699 1325 1769 eiusque
1364 1699 1788 1753 emendationes
1817 1703 2063 1755 maxima
2098 1721 2165 1755 ex
2190 1710 2348 1773 parte
2374 1703 2435 1755 in

226 1804 443 1850 textum
496 1792 845 1864 recipiendas
900 1794 1089 1847 littera
1131 1799 1201 1848 M
1235 1797 1294 1849 in
1348 1798 1499 1850 notis
1556 1798 1766 1852 criticis
1820 1800 2084 1872 religiose
2126 1799 2433 1871 designavi,

231 1890 386 1957 Quae
434 1899 622 1945 autem
669 1892 857 1945 littera
892 1896 941 1945 B
985 1892 1195 1946 ibidem
1240 1900 1467 1949 notatae
1513 1903 1671 1963 sunt,
1714 1916 1808 1951 eas
1845 1918 1878 1951 a
1912 1899 2049 1952 Viro
2085 1899 2432 1952 Doctissimo

226 1989 426 2043 JACOBO
466 1989 694 2043 BERNAYS
731 1991 1140 2044 humanissime
1186 1991 1353 2045 nobis
1400 1994 1764 2048 transmissas
1800 2014 1923 2049 esse
1960 1996 2199 2049 lectores
2238 1997 2432 2049 sciant.

229 2084 481 2151 Quorum
522 2088 768 2140 virorum
814 2088 1141 2143 muneribus
1188 2090 1451 2143 instructi
1494 2089 1672 2155 Grani
1719 2091 2000 2146 Liciniani
2045 2093 2324 2160 AnnaleS,
2370 2101 2434 2147 ut

227 2202 408 2237 rerum
445 2183 825 2239 Romanarum
873 2187 1143 2240 studiosis
1191 2193 1247 2240 et
1292 2186 1537 2240 fructum
1575 2190 1857 2260 quendam
1902 2197 1958 2243 et
1993 2190 2430 2244 oblectationem

229 2281 481 2336 adferant
516 2301 584 2336 ex
614 2289 748 2336 voto
785 2285 1020 2337 eveniat.
2044 2287 2046 2289 ’

431 2378 756 2433 Scribebam
793 2379 1040 2433 Berolini
1077 2381 1205 2434 Kal.
1240 2379 1280 2434 J
1282 2380 1384 2433 ulii
1420 2385 1806 2435 MDCCCLVII.

1618 2654 1964 2721 KAROLus
2000 2654 2248 2721 PERTZ.
