2634 3710
226 444 300 498 34
968 456 1113 495 cmm
1144 454 1368 494 LchNlANl
1399 454 1488 492 Lis.
1513 453 1675 492 xxxin.

1076 655 1266 693 BELLUM
1298 653 1575 693 CIMBRICUM.

1299 773 1361 823 V.

239 867 253 881 ⁸

72 883 113 916 A.
129 885 169 963 1²]
185 885 223 918 c.
394 870 613 931 vocitati,
666 880 713 918 et
757 869 824 917 M.
869 866 1126 916 Aurelium
1168 863 1429 913 Scaurum¹
1473 862 1779 911 consularem
1826 863 1983 911 virum
2028 876 2257 928 ceperunt
2303 884 2427 932 equo

84 932 226 1012 ⁸501?st
241 958 492 1008 deiectum.
550 977 663 1008 nam
699 960 739 1008 is
776 966 975 1007 vocatus
1013 956 1062 1004 in
1099 955 1360 1003 concilium
1396 953 1458 1002 ab
1493 953 1568 1001 his
1605 953 1727 1001 nihil
1767 953 2024 1019 indignum
2061 953 2165 1002 viro
2194 954 2426 1017 Romano,

107 1508 170 1540 col.
187 1513 217 1541 2.

95 1874 169 1903 Oct.
184 1874 216 1904 ὀ.

97 1965 172 1994 Oct.
189 1965 218 1995 6.

94 2143 152 2176 fol.
171 2147 221 2176 lr.

237 1049 321 1113 qui
355 1051 501 1098 tantis
545 1049 809 1098 honoribus
845 1047 1041 1096 functus
1078 1054 1199 1106 erat,
1245 1052 1329 1093 aut
1362 1043 1477 1092 fecit
1512 1052 1596 1091 aut
1632 1043 1768 1092 dixit.
1828 1043 1992 1108 itaque
2029 1043 2308 1093 interfectus
2343 1056 2427 1107 est,

238 1155 346 1186 cum
384 1148 544 1204 posset
579 1139 806 1204 effugere,
842 1146 888 1186 ct
923 1153 1012 1184 nee
1050 1136 1166 1200 ipsis
1203 1134 1477 1199 petentibus
1509 1133 1682 1182 ducem
1715 1150 1764 1183 se
1791 1133 1980 1182 tradere
2010 1133 2260 1195 sustinuit,
2297 1150 2429 1183 vere-

238 1228 415 1276 cundia
450 1238 504 1277 ut
538 1229 715 1277 amisso
751 1227 965 1276 exercitu
1002 1225 1258 1274 incolumis
1295 1235 1433 1273 esset.
1512 1228 1622 1283 Qua
1660 1224 1859 1272 victoria
1897 1224 2202 1273 Cimbrorum
2240 1225 2432 1274 territus

240 1318 482 1367 Manlius²
519 1319 688 1367 consul
724 1318 895 1366 litteris
932 1315 1234 1381 supplicibus
1271 1332 1383 1362 cum
1420 1314 1710 1379 Cepioncm³
1747 1323 1944 1374 orasset,
1982 1323 2033 1362 ut
2069 1315 2220 1379 copiis
2257 1315 2434 1363 iunctis

242 1409 387 1456 simul
434 1418 480 1457 et
521 1409 734 1457 exercitu
771 1407 1003 1472 ampliato
1039 1405 1200 1470 Gallis
1239 1404 1540 1464 resisterent,
1588 1404 1845 1468 impetrare
1883 1421 1980 1451 non
2018 1405 2187 1468 potuit.
2241 1415 2288 1453 et
2323 1421 2434 1453 cum

244 1497 535 1546 Rhodanum
578 1497 870 1547 traiecisset‘
922 1507 968 1545 et
1019 1495 1150 1561 apud
1195 1495 1372 1543 milites
1423 1494 1657 1559 gloriatus
1705 1504 1854 1555 esset,
1910 1494 2096 1542 timenti
2142 1494 2331 1542 consuli
2383 1511 2434 1542 se

244 1588 479 1636 auxilium
516 1589 750 1649 laturum,
796 1605 856 1635 ne
902 1586 1261 1636 communicare
1298 1585 1494 1650 quidem
1541 1602 1649 1633 cum
1695 1602 1750 1631 co
1788 1583 2044 1631 consilium
2080 1582 2194 1631 belli
2233 1583 2432 1647 gerendi

245 1678 411 1738 voluit,
463 1696 553 1727 nec
588 1678 760 1744 legatis
810 1695 930 1742 quos
975 1687 1169 1724 senatus
1205 1676 1423 1735 miserat,
1468 1686 1518 1722 ut
1555 1673 1815 1723 concordes
1859 1682 2019 1721 essent
2055 1673 2294 1737 simulque
2333 1691 2434 1721 rem

244 1768 490 1833 publicam
529 1769 775 1829 iuvarent,
819 1767 1093 1816 auscultare
1129 1765 1358 1831 dignatus
1395 1775 1480 1813 cst.
1552 1764 1856 1812 Cimbrorum
1895 1763 2036 1811 ctiam
2077 1762 2303 1828 legatos⁴,
2349 1781 2433 1827 pa-

243 1875 348 1906 cem
375 1859 591 1907 volentes
626 1868 672 1907 ct
697 1875 839 1923 agros
866 1867 1082 1923 petentes
1111 1856 1506 1918 frumentumque
1536 1854 1665 1919 quod
1697 1865 1923 1911 sererent,
1959 1853 2025 1900 ita
2053 1852 2432 1900 contumeliose⁰

245 1947 504 2009 submovit,
540 1958 593 1996 ut
628 1948 881 2013 desperata
917 1965 1034 2013 pace
1072 1946 1163 1994 ado
1187 1986 1194 1993 .
1218 1947 1285 2006 ,ὓς
1322 1955 1464 2009 capta
1501 1957 1691 2009 postero
1728 1944 1805 1992 die
1841 1954 1998 1992 castra
2034 1942 2136 1990 eius
2164 1960 2261 1989 non
2290 1941 2432 2006 longe

247 2056 276 2085 a
310 2038 467 2086 Manli
502 2039 669 2087 castris
707 2039 987 2099 constituta,
1032 2054 1188 2103 neque
1225 2035 1399 2083 adduci
1438 2034 1616 2099 potuit,
1660 2051 1770 2082 cum
1807 2051 1904 2081 non
1942 2033 2093 2081 multo
2129 2031 2339 2090 abesset,
2385 2043 2434 2076 ut

248 2129 511 2177 exercitum
546 2129 767 2194 iungeret
802 2138 849 2176 et
884 2128 1098 2176 maxima
1133 2144 1244 2192 pars
1281 2123 1518 2172 exercitus
1537 2124 1550 2137 ‘
1583 2123 1741 2172 deleta
1777 2134 1849 2172 cst
1887 2157 2316 2170 ..............
2327 2119 2342 2143 ⁵

389 2242 427 2285 a)
454 2243 721 2276 contumeliosae
747 2244 821 2276 cod.
938 2244 975 2284 b)
1005 2245 1056 2275 sic
1081 2243 1154 2275 cod.
1184 2243 1286 2274 1-3
1313 2240 1385 2272 ΝΗ.
1411 2238 1639 2278 excidet-unu
1677 2249 1723 2270 nn
1749 2238 1928 2279 leym-ndum
1954 2237 2114 2270 abirent?
2157 2234 2219 2267 Th.
2245 2235 2435 2267 Mommsen

249 2306 358 2338 locum
378 2306 429 2338 sic
451 2307 637 2339 emendare
656 2307 845 2349 proponit:
872 2311 909 2338 ut
935 2305 1112 2348 desperata
1132 2314 1215 2348 pace
1242 2302 1290 2345 [sc
1316 2299 1563 2343 converterent]
1589 2300 1631 2332 ad
1655 2300 1886 2344 oppugnanda
1905 2305 2040 2343 postero
2063 2298 2117 2331 die
2137 2302 2249 2329 castra.
2272 2298 2346 2329 eius
2369 2301 2435 2328 etc.

250 2373 409 2401 attamen
435 2369 476 2401 de
503 2369 637 2401 litteris
662 2373 761 2411 capta
785 2367 941 2401 dubitari
966 2379 1033 2400 non
1059 2372 1196 2409 potest,
1229 2373 1316 2408 qums
1339 2366 1444 2405 pater
1468 2373 1598 2406 quoquc
1625 2362 1656 2395 h.
1682 2363 1704 2395 1.
1732 2368 1879 2396 eoestnre
1905 2363 2003 2395 vidit.

337 2459 377 2514 1)
407 2459 468 2502 M.
499 2459 755 2502 Aurelius
787 2458 1013 2502 Scaurus
1045 2474 1080 2499 a.
1102 2459 1184 2500 646
1216 2474 1308 2501 con·
1464 2454 1508 2509 3)
1557 2454 1624 2496 De
1661 2453 1871 2496 discordia
1913 2454 2022 2496 inter
2060 2450 2268 2492 Manlium
2305 2456 2347 2492 et
2381 2448 2435 2499 Q·
2469 2447 2474 2452 .

251 2533 387 2574 sulatu
415 2531 583 2573 functus
615 2537 696 2585 est3
726 2530 778 2574 de
806 2539 941 2573 morte
973 2531 1060 2572 eius
1091 2531 1186 2573 vide
1214 2532 1308 2573 Liv.
1379 2526 1531 2572 Servil.
1546 2525 1803 2583 Caepionem
1818 2523 2115 2583 proconsulem
2137 2520 2436 2564 cfr.DioCass.

250 2603 365 2660 Epit.
396 2603 493 2645 libri
516 2603 707 2645 LXVII:
739 2605 797 2646 M.
823 2603 1023 2645 Aurelius
1043 2603 1228 2645 Scaurus
1256 2604 1309 2646 Ze·
1379 2601 1528 2657 fragm.
1545 2599 1596 2640 91
1630 2598 1714 2653 (ed.
1733 2599 1906 2641 Bekker
1921 2597 1957 2650 I,
1980 2611 2079 2652 pag.
2097 2595 2184 2648 87).

250 2686 374 2732 yacus
400 2677 580 2719 consulis
601 2692 627 2718 α
645 2676 822 2719 Cimbris
831 2676 938 2732 fuso
963 2677 1145 2718 exercitu
1167 2685 1311 2732 captus
1463 2673 1510 2727 4)
1543 2671 1619 2713 cfr.
1643 2670 1726 2713 Dio
1752 2669 1871 2713 Cass.
1903 2669 1929 2710 l.
1952 2683 1988 2710 c.
2020 2663 2080 2719 ὡς
2103 2666 2152 2710 δὲ
2175 2665 2289 2721 πρὸς
2303 2662 2437 2709 Μάλ-

254 2757 328 2801 est,
359 2757 395 2790 et
423 2765 515 2791 cum
544 2750 588 2790 in
617 2749 834 2790 consilium
851 2749 902 2790 ab
925 2749 984 2790 eis
1002 2747 1225 2790 advocatus
1246 2748 1311 2791 de-
1382 2745 1478 2788 λιον
1522 2739 1799 2787 ὑπατεύοντα
1841 2737 2246 2797 ὅιεκηρυκεύσαντο,
2292 2733 2317 2781 ὁ
2356 2740 2438 2780 Σε-

255 2828 423 2862 terreret
451 2837 516 2863 eos
548 2837 598 2863 ne
627 2821 758 2877 Alpes
793 2821 1018 2862 trans-irent
1047 2820 1217 2861 Italiam
1238 2837 1312 2876 pe·
1379 2815 1578 2874 ρουίλιος
1607 2811 1898 2872 ἠγανάκτησεν
1935 2812 2004 2857 ὅτι
2040 2812 2099 2869 μὴ
2137 2810 2252 2869 πρὸς
2285 2806 2440 2853 ἑαυτὸν

255 2893 392 2945 tz'turz‘,
431 2908 473 2935 eo
511 2892 621 2949 quod
657 2892 808 2935 diceret
844 2893 1050 2934 Romanos
1088 2893 1203 2934 vinci
1234 2909 1314 2935 non
1381 2884 1743 2947 ἐπρεσβεύσαντο,
1771 2882 1924 2943 ὀλίγου
1946 2903 1992 2930 τε
2016 2886 2090 2929 καὶ
2109 2883 2211 2936 τοὺς
2226 2885 2439 2938 πρεσβευ-

248 2979 382 3019 posse,
412 2981 440 3006 a
468 2966 679 3021 Bol‘orz'ye,
697 2965 845 3020 feroci
868 2965 1024 3016 iuvene,
1056 2966 1214 3006 occisus
1243 2974 1312 3007 est.
1380 2960 1460 3013 τὰς
1489 2959 1762 3018 διέφθειρεν.

255 3034 342 3077 Cfr.
359 3035 706 3078 etiamVelleium
720 3036 827 3078 libro
844 3035 991 3089 11‚12;
1016 3035 1153 3077 Tacit.
1168 3035 1313 3079 Germ.
1465 3033 1511 3088 5)
1550 3033 1709 3089 Caepio
1753 3038 1795 3074 et
1831 3031 2016 3074 Manlius
2053 3029 2153 3072 victi
2191 3034 2288 3070 sunt
2321 3026 2440 3068 iuxta

256 3121 348 3163 cap.
364 3107 440 3161 373
472 3108 670 3151 Orosium
690 3108 765 3150 lib.
779 3108 832 3161 V,
852 3108 904 3150 16
929 3106 1001 3164 qui
1015 3106 1076 3148 M.
1093 3108 1313 3151 Aurelium
1382 3106 1539 3148 flumen
1556 3103 1811 3147 Rhodanum
1837 3103 2034 3160 (Eutrop.
2051 3102 2105 3155 V,
2122 3101 2164 3156 I)
2196 3106 2240 3142 et
2263 3094 2438 3150 Caepio-

255 3179 338 3221 iam
368 3194 478 3221 anno
498 3180 583 3222 642
611 3180 793 3222 occisum
827 3194 917 3222 esse
947 3179 1052 3221 falso
1082 3187 1237 3223 narrat.
1384 3192 1482 3220 nem
1517 3176 1686 3233 quidem
1721 3175 1856 3233 pridie
1893 3176 2041 3218 Nonas
2078 3171 2287 3216 Octobres
2324 3167 2440 3224 fuga-

340 3251 383 3307 2)
424 3251 546 3293 Idem
584 3258 668 3305 est,
695 3242 830 3308 *quem
871 3266 999 3308 supra
1027 3251 1309 3295 Manilium
1382 3256 1472 3292 tum
1497 3248 1628 3292 tradit
1659 3248 1874 3291 Plutarch.
1903 3248 1945 3290 in
1974 3244 2137 3289 Lucull.
2155 3242 2208 3284 27
2231 3245 2358 3282 extu:
2395 3237 2440 3282 ἐν

257 3323 436 3366 Granius
468 3323 665 3380 appellat.
1380 3318 1522 3379 ἐκείνῃ
1560 3321 1641 3378 γὰρ
1686 3322 1742 3378 τῇ
1781 3316 1922 3378 ἡμέρᾳ
1962 3313 1989 3373 ’ἡ
2028 3313 2138 3369 μετὰ
2178 3309 2440 3363 Καιπίωνος
