2634 3710
165 351 334 409 xxss
1105 365 1438 403 emani-io.

167 516 225 568 in
269 512 385 566 illis
430 511 608 565 Grani
653 509 927 562 Liciniani
972 508 1287 578 fragmenta
1343 506 1616 577 quaedam
1672 507 1784 561 alia
1831 511 2064 562 inveniri
2110 512 2347 581 possint.

167 611 323 666 Haec
370 610 538 680 igitur
582 614 644 659 ut
689 624 856 677 quam
892 604 1010 657 fieri
1055 611 1242 674 potest
1288 604 1559 656 citissime
1605 604 2035 675 investigentur,
2084 606 2347 661 Summos

168 709 332 761 Viros
368 705 547 758 Musei
581 703 888 755 Britannici
926 701 1214 765 PatronOS,
1251 699 1771 764 Bibliothecarium,
1809 698 2086 756 Custodes
2121 712 2346 776 rogatos

167 823 290 858 esse
333 802 487 870 volo;
536 800 685 871 quod
733 800 779 851 si
822 818 891 851 ex
926 807 1058 851 voto
1104 797 1245 850 sorte
1291 798 1648 861 successerit,
1694 816 1860 867 quani
1906 818 2171 869 inagnum
2219 800 2346 854 inde

171 903 414 955 fructum
452 898 702 952 Historia
737 895 990 949 Romana
1026 895 1208 964 capiet
1244 896 1371 964 quis
1405 903 1493 947 est
1530 914 1693 964 quein
1732 894 1947 963 fugiat?

370 1190 524 1243 Haec
553 1189 732 1242 habeo
761 1205 901 1257 quae
933 1184 1000 1237 de
1030 1184 1205 1237 Grani
1226 1183 1501 1237 Liciniani
1532 1184 1859 1252 fragmentis
1888 1184 2186 1254 disputem,
2225 1191 2354 1254 post

171 1288 518 1357 undeviginti
556 1287 667 1339 fere
706 1282 929 1337 saecula
966 1281 1188 1334 tandem
1239 1281 1292 1332 in
1335 1280 1514 1333 lucem
1554 1281 1868 1352 prodituris.
1942 1280 2002 1332 ln
2040 1281 2127 1333 his
2163 1289 2350 1335 autem

170 1383 602 1455 investigandis,
656 1378 1062 1442 describendiS,
1115 1377 1474 1447 explorandis
1522 1379 1568 1430 si
1613 1378 1886 1431 nonnulla
1932 1379 2117 1431 forsan
2167 1379 2352 1432 minus

170 1490 318 1536 recte
355 1481 727 1534 instituimus:
774 1487 860 1543 ut,
910 1476 1129 1544 magnis
1168 1494 1300 1527 sane
1348 1484 1462 1527 tani
1498 1475 1652 1528 ardui
1695 1475 1901 1528 laboris
1939 1475 2352 1545 impedimentis

171 1588 318 1633 recte
357 1578 668 1649 perpensis,
713 1595 746 1628 a
782 1575 963 1627 doctis
1004 1574 1134 1625 viris
1171 1572 1443 1625 eiusmodi
1481 1592 1689 1625 errores
1733 1573 1922 1643 aliqua
1956 1592 2021 1625 ex
2062 1580 2214 1642 parte
2252 1592 2352 1626 no-

173 1678 262 1730 bis
298 1675 683 1729 condonentur
719 1672 880 1726 valde
916 1690 1220 1741 speramus.
1292 1672 1445 1733 Quas
1483 1670 1706 1740 quidem
1752 1669 2053 1722 Annalium
2091 1669 2352 1739 reliquias

173 1777 253 1828 ita
286 1774 440 1845 typis
476 1769 864 1842 exprimendas
901 1788 1023 1822 esse
1061 1769 1269 1833 censui,
1306 1776 1366 1820 ut
1403 1767 1580 1837 primo
1619 1767 1742 1819 loco
1783 1766 1908 1819 inde
1944 1786 1977 1818 a
2014 1784 2136 1836 pag.
2162 1766 2351 1820 1-26

173 1877 490 1926 accuratam
520 1867 728 1921 codicis
755 1867 1119 1936 manuscripti
1149 1865 1449 1934 imaginem
1480 1863 1782 1917 lectoribus
1813 1882 2191 1934 proponerem,
2217 1862 2352 1914 scri-

173 1969 342 2023 bendi
377 1967 544 2020 etiam
580 1964 926 2035 compendiis
965 1982 1066 2016 nec
1095 1982 1206 2015 non
1236 1963 1452 2014 lacunis
1492 1960 1752 2014 omnibus
1783 1960 2041 2029 religiose
2071 1959 2354 2026 i11(licatis;

176 2086 288 2139 qua
323 2066 380 2118 in
414 2083 470 2116 re
505 2064 585 2115 sic
617 2069 868 2114 versatus
905 2080 1055 2126 suni,
1092 2068 1153 2113 ut
1188 2079 1382 2112 omnes
1416 2059 1654 2123 litteras,
1700 2077 1837 2128 quas
1875 2077 1974 2128 pro
2011 2066 2160 2110 certo
2198 2055 2355 2110 inda-

177 2182 307 2236 gare
343 2162 528 2214 minus
571 2158 735 2212 nobis
777 2159 1040 2230 contigit,
1088 2157 1397 2210 minoribus
1431 2156 1631 2209 litteris
1666 2153 2055 2225 exprimendas
2091 2173 2355 2220 curarem,

178 2269 242 2315 ut
289 2278 354 2312 eo
389 2256 611 2310 facilius
649 2274 681 2308 a
718 2256 883 2307 certis
922 2255 1092 2308 dubia
1128 2255 1400 2325 distingui
1450 2261 1694 2323 possent.
1764 2252 1869 2305 His
1904 2251 2102 2304 deinde
2140 2258 2356 2303 textum

179 2355 519 2411 subiecimus
548 2359 821 2423 quantum
841 2352 958 2404 fieri
987 2354 1171 2422 potuit
1202 2351 1559 2404 emendatum
1581 2349 1840 2418 notisque
1862 2356 1917 2400 et
1940 2348 2146 2400 criticis
2176 2347 2354 2401 histo·

177 2454 418 2522 ricisque
448 2452 797 2513 instructum,
827 2468 993 2519 quem
1022 2448 1315 2501 doctorum
1344 2448 1632 2501 hominum
1653 2464 1830 2516 aequo
1859 2443 2062 2496 iudicio
2092 2463 2205 2497 non
2233 2446 2354 2499 sine

178 2547 555 2604 sollicitudine
588 2545 828 2617 quadam
846 2546 1019 2598 animi
1044 2546 1422 2616 proponimus.
1458 2545 1712 2614 Denique
1736 2560 1937 2613 agmen
1958 2540 2169 2593 claudit
2189 2541 2355 2596 index

179 2646 494 2709 nominum,
528 2661 637 2712 quo
677 2642 877 2695 melius
916 2642 1141 2713 singula
1175 2660 1425 2712 quaeque
1464 2641 1709 2693 invenire
1749 2636 2051 2691 lectoribus
2088 2638 2321 2691 eveniat.

380 2739 574 2793 Restat
616 2745 678 2790 ut
721 2739 930 2809 gratias
976 2758 1140 2810 agam
1176 2738 1324 2791 Viris
1370 2737 1508 2802 illis,
1551 2738 1647 2807 qui
1695 2735 1840 2788 hanc
1873 2732 2048 2787 Grrani
2080 2733 2357 2788 Liciniani

181 2839 481 2894 editionem
518 2843 574 2889 et
613 2836 940 2888 auctoritate
988 2854 1089 2888 sua
1122 2842 1177 2887 et
1213 2834 1447 2887 consilio
1489 2831 1976 2900 benivolentiaque
2011 2830 2356 2884 adiuverunt.

182 2938 255 2990 Et
289 2935 468 3006 primo
505 2931 730 3002 quidem
766 2931 891 2984 loco
919 2931 1295 2984 nominandus
1331 2938 1418 2984 est
1443 2930 1611 2984 PATER
1645 2928 1906 2998 optimus,
1941 2927 2356 2990 dilectissimuS,

182 3034 279 3104 qui
314 3049 426 3083 non
463 3028 646 3080 solum
679 3028 993 3100 fragmenta
1026 3029 1236 3098 primus
1273 3027 1522 3080 omnium
1559 3023 1845 3095 indagavit
1873 3041 2047 3094 eaque
2074 3021 2260 3091 aliqua
2287 3038 2355 3072 ex

183 3135 337 3202 parte
373 3124 682 3195 descripsit,
719 3143 909 3177 verum
938 3126 1105 3177 etiam
1134 3125 1278 3178 hanc
1308 3129 1557 3175 nostram
1584 3121 1963 3173 recensionem
1996 3118 2220 3188 ingenio
2252 3133 2354 3168 suo

183 3221 553 3295 prudentique
589 3220 824 3274 consilio
855 3219 1147 3290 amplexus
1183 3227 1282 3273 est.
1336 3217 1569 3272 Debitas
1598 3215 1796 3269 deinde
1831 3214 2038 3285 gratias
2069 3211 2353 3265 reddimus
