2634 3710
756 937 1000 993 GRANI
1052 933 1433 991 LICINIANI
1481 935 1856 990 ANNALES.

1099 1208 1163 1245 EX
1193 1207 1338 1247 LIBRO
1370 1208 1497 1245 XXVI.

1286 1306 1326 1355 I.

201 1438 242 1449 ..
263 1438 272 1448 .
294 1438 304 1447 .
342 1400 524 1449 Graium
557 1398 765 1448 Atilium
778 1398 824 1430 ‘²¹
852 1433 862 1444 .
883 1433 894 1443 .
917 1433 926 1443 .
964 1406 1039 1445 sat
1059 1433 1069 1444 .
1091 1396 1131 1444 .⁶
1161 1395 1387 1446 consules
1425 1404 1571 1461 atque
1605 1432 1616 1443 .
1638 1432 1648 1443 .
1740 1433 1752 1443 .
1793 1396 1969 1445 animis
2006 1397 2195 1447 hostem
2231 1399 2399 1464 inpetu
2423 1420 2464 1452 A.
2477 1420 2516 1452 υ.
2529 1421 2567 1452 c.

198 1491 460 1540 acerrimoc
487 1490 752 1556 fregerunt⁷
789 1496 940 1537 semet
967 1488 1114 1537 etiam
1143 1488 1307 1554 ipsosd
1334 1485 1582 1535 vovebant
1606 1494 1661 1535 ut
1687 1486 1739 1534 in
1775 1523 1787 1534 .
1808 1524 1818 1534 .
1840 1524 1851 1535 .
1881 1487 1933 1536 id
1961 1524 2258 1538 ..........
2278 1508 2304 1539 c
2340 1508 2397 1540 ac
2414 1467 2592 1546 ·s0⁵1(,³⁵iir,

196 1583 246 1630 vi
282 1599 389 1630 eam
426 1619 437 1630 .
457 1619 468 1630 .
488 1617 500 1629 .
520 1598 545 1629 e
566 1617 577 1629 .
598 1617 609 1628 .
630 1617 641 1628 .
679 1579 850 1628 ceterie
881 1578 1013 1627 idem
1046 1579 1123 1627 ius
1158 1577 1422 1627 iurandum
1456 1578 1741 1643 praestitere
1751 1578 1781 1625 f.
1837 1576 1993 1627 Graius
2016 1578 2197 1628 Atilius
2212 1592 2229 1614 θ
2259 1618 2396 1629 .....

198 1709 335 1720 .....
363 1672 404 1720 is
446 1680 598 1720 semet
640 1671 832 1736 ipsum9
872 1669 1094 1719 hostibus
1139 1669 1327 1718 inmisit
1362 1708 1373 1718 .
1394 1708 1404 1718 .
1425 1708 1435 1718 .
1456 1708 1467 1718 .
1487 1706 1500 1718 .
1547 1670 1679 1718 cives
1730 1686 1782 1718 se
1828 1707 1837 1717 .
1857 1707 1867 1718 .
1887 1707 1897 1718 .
1917 1708 1928 1718 .
1947 1708 1957 1718 .
1977 1708 1988 1718 .
2008 1707 2018 1718 .
2040 1707 2051 1719 .
2094 1669 2399 1720 intraverunt

196 1764 248 1811 in
285 1801 452 1812 ......
470 1762 669 1811 nuerint
707 1799 964 1811 .........
1009 1759 1063 1808 in
1104 1797 1395 1809 ..........
1438 1768 1583 1809 erunt
1619 1798 1629 1809 .
1648 1798 1660 1809 .
1704 1775 1827 1826 quos
1876 1759 2136 1825 imperium
2170 1761 2401 1827 poscebat

195 1853 258 1901 ad
301 1853 562 1901 consilium
604 1869 862 1901 commune
904 1849 1199 1917 capiendum
1243 1868 1301 1899 ac
1335 1851 1503 1899 iuncta
1537 1867 1716 1900 corona
1760 1887 1920 1899 ......
1955 1867 1986 1897 a
2005 1889 2015 1899 .
2060 1851 2247 1916 equites
2284 1868 2398 1899 vero

192 1943 394 2008 plurimi
429 1952 649 1992 auctores
685 1941 973 1991 omittebant
983 1941 1017 2004 ἢ,
1051 1943 1167 1990 neci
1203 1959 1283 1990 eos
1318 1941 1654 1990 nominabant.

397 2034 471 2082 De
498 2032 750 2082 ordinibus
776 2041 823 2082 et
848 2033 1131 2082 nominibus
1151 2033 1466 2098 numerisque
1488 2031 1736 2082 tribuumk
1754 2040 1901 2098 atque
1930 2032 2143 2081 militum
2173 2034 2294 2081 iaml
2324 2033 2398 2082 in*
2417 2053 2488 2085 σοι.
2507 2055 2536 2083 2.

191 2125 435 2191 prioribus
471 2124 609 2173 libris
646 2124 749 2173 dixi
768 2161 779 2173 .
815 2141 988 2172 verum
1023 2123 1083 2172 de
1119 2123 1364 2190 equitibus
1398 2140 1500 2172 non
1535 2123 1778 2186 omittam,
1813 2139 1935 2189 quos
1971 2122 2295 2189 Tarquinius2
2331 2125 2398 2173 ita

193 2216 497 2277 constituitm⁷
534 2224 587 2263 ut
617 2215 802 2280 priores
828 2215 1014 2280 equites
1042 2213 1184 2262 binos
1213 2231 1363 2279 equos
1389 2213 1442 2261 in
1465 2213 1707 2279 proelium
1734 2212 1986 2262 ducerent:
2022 2230 2081 2261 ea
2107 2214 2398 2277 conditione,

308 2360 347 2403 a)
384 2362 445 2392 Ita
478 2360 660 2403 leyemlum
693 2363 798 2401 puto,
837 2369 918 2391 nam
955 2358 1101 2390 litterae
1134 2357 1302 2389 'FILIUM
1333 2356 1426 2397 (non
1457 2355 1663 2399 TILLUM]
1703 2355 1797 2389 haud
1828 2355 1930 2390 dubie
1969 2357 2007 2389 in
2039 2357 2113 2389 cod.
2144 2362 2293 2398 emtantq
2334 2369 2398 2389 πο-

196 2431 272 2454 men
301 2423 389 2455 Atili
424 2423 532 2456 etiam
563 2422 684 2465 paullo
719 2422 820 2464 infra
854 2422 1028 2460 occurrit,
1068 2419 1128 2452 ubi
1159 2430 1375 2463 praenomen
1406 2420 1534 2453 Gaium
1565 2420 1677 2464 fuisse
1709 2420 1883 2453 docemur.
2048 2419 2085 2464 b)
2119 2431 2166 2453 an
2197 2421 2397 2463 leyendum:

196 2474 774 2530 [ETM.]FAB[11'JG(')S]ULES?
893 2482 927 2527 c)
958 2484 1010 2516 sic
1033 2482 1169 2525 scribo,
1194 2484 1360 2516 acerrima
1384 2484 1458 2516 cod.
1577 2482 1616 2527 11)
1649 2484 1744 2526 ipsos
1771 2483 1906 2516 addidi.
2025 2482 2061 2526 e]
2093 2484 2143 2516 sic
2166 2483 2395 2516 scribendum.

196 2547 237 2589 f)
262 2548 444 2581 iurandum
468 2550 670 2593 praestitere
696 2559 742 2581 em
768 2548 969 2580 coniectura
994 2546 1164 2579 additum.
1257 2544 1297 2589 y)
1322 2547 1440 2589 ipsum
1463 2548 1636 2590 supplevi.
1732 2546 1769 2590 h)
1791 2546 1976 2580 mittebant
2000 2547 2076 2580 cod.
2169 2545 2198 2589 i)
2224 2557 2288 2579 nec
2312 2557 2396 2589 sup-

193 2611 298 2652 plevi.
367 2611 403 2655 k)
427 2612 581 2645 tribuum
605 2616 667 2644 aut
693 2611 926 2644 centuriarum
950 2610 1006 2642 vel
1027 2609 1101 2641 tale
1125 2609 1208 2653 quid
1228 2609 1466 2643 desideratur.
1546 2610 1578 2652 l)
1605 2610 1674 2643 iam
1698 2610 1832 2642 addidi.
1902 2610 1953 2652 m)
1978 2611 2029 2643 sic
2048 2610 2145 2652 forle
2167 2609 2398 2642 scribendum.

282 2721 325 2776 1)
349 2722 549 2767 Fortasse
564 2725 750 2782 loquitur
766 2724 819 2767 de
832 2723 886 2767 G.
904 2722 1068 2766 Atilio
1083 2721 1262 2776 Bulbo,
1330 2740 1457 2782 quem
1487 2723 1676 2780 equitum
1700 2737 1922 2765 numerum
1948 2721 2188 2778 duplicasse
2216 2723 2397 2779 legimus

195 2795 265 2852 qui
303 2810 342 2837 a.
367 2795 448 2837 509
486 2811 571 2839 una
603 2814 700 2840 oum
736 2797 797 2840 M.
828 2796 991 2839 Fabio
1021 2795 1262 2838 Buteone
1330 2797 1444 2855 apud
1472 2796 1643 2840 Livium
1668 2796 1713 2850 Ι,
1742 2795 1798 2837 36
1838 2801 1881 2837 et
1910 2795 2087 2837 Florum
2114 2795 2150 2849 Ι,
2173 2795 2212 2849 5,
2236 2796 2283 2850 23
2322 2798 2396 2838 cfr.

194 2867 339 2910 consul
360 2874 462 2910 erat.
491 2869 560 2911 De
581 2885 763 2926 quanam
778 2885 880 2913 vero
901 2883 1048 2927 pugna
1067 2868 1262 2910 hocloco
1331 2870 1461 2913 etiam
1491 2869 1629 2913 Cicer.
1660 2868 1714 2910 de
1742 2883 1833 2925 rep.
1861 2867 1923 2922 ΙΙ,
1948 2867 2016 2921 20,
2036 2867 2116 2910 36:
2145 2868 2221 2911 sed
2249 2879 2396 2923 tamen,

194 2946 343 2982 auctor
361 2946 505 2983 noster
525 2941 724 2998 loquutus
750 2944 817 2998 sit,
838 2959 888 2986 eo
915 2943 1054 2985 minus
1076 2956 1263 2998 comper·
1326 2944 1595 3001 prioribus
1646 2942 1866 2998 equitum
1913 2941 2155 2997 partibus
2205 2942 2398 2984 secundis

193 3020 282 3055 tum
310 3013 514 3055 habemus
542 3014 655 3070 quod
681 3016 788 3058 libro
810 3016 1020 3059 XXVIII
1047 3029 1117 3057 res
1143 3015 1258 3057 circa
1326 3016 1503 3070 addicis,
1533 3016 1590 3057 M
1612 3030 1662 3056 ac
1693 3013 1764 3057 OG
1775 3013 1888 3070 feeit
1913 3015 2068 3070 equites
2100 3029 2397 3070 numerumque

193 3101 351 3128 annum
373 3085 458 3128 590
476 3092 620 3143 gestas
641 3093 811 3142 tractat,
835 3090 896 3131 ita
918 3096 965 3132 ut
992 3088 1067 3131 vix
1088 3103 1258 3145 persua-
1325 3089 1557 3146 duplicavit
1586 3094 1669 3130 ete.
1741 3086 1800 3129 Ni
1829 3087 1953 3129 fallor
1989 3086 2102 3128 idem
2132 3085 2223 3127 fere
2251 3093 2397 3129 noster

191 3158 293 3201 dere
320 3157 442 3201 nobis
463 3159 673 3215 possimus
702 3174 798 3202 eum
821 3160 930 3203 libro
950 3161 1111 3204 XXVI
1131 3160 1258 3203 histo·
1324 3162 1495 3216 indicat,
1528 3160 1607 3204 etsi
1637 3174 1843 3217 equorum
1881 3158 2020 3216 potius
2052 3173 2177 3214 quam
2207 3158 2393 3215 equitum

190 3233 296 3276 riam
325 3231 496 3275 demum
525 3231 625 3273 anni
653 3232 736 3274 509
768 3248 999 3277 enarrasse.
1325 3235 1583 3278 mentionem
1613 3232 1728 3276 facit.

274 3305 320 3361 2)
348 3304 489 3363 Loqui
503 3304 673 3347 videtur
693 3304 746 3347 de
762 3306 1048 3363 Tarquinio
1065 3309 1259 3362 Prisco,
