2634 3710
1196 369 1527 407 PRAEFATIO.
2313 355 2459 410 XXI

265 510 660 582 superstitione
706 527 766 562 se
802 510 1085 565 imbutum
1126 510 1300 563 fuisse
1334 509 1580 565 Granius
1616 511 1863 565 ostendit
1880 512 1912 579 ¹,
1958 513 2065 567 hoc
2100 521 2288 569 tamen
2322 536 2458 571 nus—

263 628 431 681 quam
461 607 626 661 illum
652 608 722 662 ad
749 607 918 662 fidem
946 608 1274 661 historicam
1300 607 1625 661 violandam
1660 609 1917 663 incitavit
1946 617 2002 664 et
2026 610 2257 683 reliquis
2287 615 2456 668 etiam

259 707 426 760 huius
462 706 663 760 aetatis
701 705 1083 777 scriptoribUS,
1119 723 1224 758 nec
1258 723 1374 758 non
1408 706 1519 776 ipsi
1535 704 1715 773 Livio,
1753 725 2050 762 commune
2085 710 2285 764 vitium
2323 719 2424 765 est.

462 802 646 870 Quare
684 805 732 858 si
767 804 911 858 alius
948 803 1262 874 quisquam,
1299 809 1447 857 certe
1467 802 1712 858 Granius
1733 803 2060 860 Licinianus
2095 807 2205 861 fide
2241 807 2457 881 dignis-

259 902 436 956 simus
472 902 706 970 videtur,
742 903 901 956 cuius
938 920 1081 973 opus
1114 901 1396 972 integrum
1418 908 1693 972 quantum
1727 901 1799 955 ad
1829 903 2123 958 historiam
2140 904 2456 960 Romanam

257 1000 650 1054 elucidandam
695 999 1023 1054 effecturum
1071 1006 1242 1066 esset,
1298 998 1393 1053 vel
1445 1017 1512 1051 ex
1558 999 1892 1071 fragmentis
1936 1002 2079 1069 eiuS,
2130 1010 2259 1057 utut
2306 1011 2453 1072 sunt,

255 1097 421 1152 facile
449 1097 644 1169 colligi
672 1097 893 1169 poterit.
939 1096 1096 1150 Haec
1126 1097 1291 1164 enim,
1321 1098 1579 1168 quamvis
1607 1097 1680 1151 ab
1710 1097 1988 1152 erroribus
2019 1101 2248 1154 omnino
2278 1100 2456 1156 libera

255 1215 372 1250 non
409 1196 522 1249 sint
539 1198 574 1263 ²,
621 1214 803 1267 neque
839 1194 1120 1266 permulta
1153 1194 1446 1266 hucusque
1490 1195 1658 1266 plane
1697 1196 1894 1267 ignota
1929 1197 2255 1251 exhibeant:
2300 1199 2452 1253 haud

254 1312 378 1348 raro
413 1301 604 1348 tamen
638 1293 807 1347 rebus
842 1293 1019 1364 gestis
1054 1298 1152 1346 aut
1189 1311 1396 1346 novam
1432 1292 1618 1346 lucem
1653 1293 1892 1347 afferunt
1909 1294 1944 1362 3,
1979 1302 2077 1348 aut
2109 1295 2454 1367 reliquorum

255 1392 591 1463 scriptorum
636 1390 804 1444 modo
850 1390 1187 1445 confirmant
1231 1391 1646 1458 auctoritatem,
1693 1392 1861 1446 modo
1899 1391 2246 1446 subvertunt.
2313 1393 2453 1449 Jure

252 1490 442 1561 itaque
478 1490 758 1556 miramur,
795 1487 947 1560 quod
974 1494 1168 1542 tantus
1204 1495 1398 1542 auctor
1425 1507 1541 1541 non
1571 1487 1698 1542 dico
1736 1495 2054 1561 temporum
2081 1491 2204 1544 vice
2235 1509 2334 1562 per
2364 1499 2452 1546 tot

252 1586 479 1642 saecula
522 1586 771 1654 latuerit,
824 1586 924 1640 sed
973 1586 1125 1658 quod
1169 1585 1478 1639 Annalium
1524 1586 1644 1639 eius
1690 1587 1840 1658 apud
1882 1594 2099 1641 veteres
2148 1569 2450 1660 scriptores

249 1683 410 1739 nulla
445 1685 675 1738 omnino
720 1683 887 1738 nobis
928 1685 1140 1738 mentio
1189 1690 1466 1751 occurrat,
1504 1702 1742 1755 quorum
1785 1684 1880 1737 vix
1923 1704 2070 1738 unus
2105 1693 2273 1757 atque
2311 1686 2452 1742 alter

247 1783 340 1837 vel
367 1802 575 1837 nomen
611 1784 800 1855 ipsum
826 1782 1163 1837 recordatur.
1219 1780 1364 1836 Sane
1404 1782 1612 1835 ‘vixere
1654 1781 1827 1836 fortes
1858 1789 1988 1836 ante
2014 1782 2447 1855 Agamemnona

247 1881 433 1935 multi'
471 1882 592 1953 qui,
634 1900 748 1934 una
783 1899 912 1934 611111
948 1878 1162 1935 Granio
1198 1879 1493 1934 Liciniano
1533 1879 1649 1933 Titi
1683 1879 1813 1933 Livi
1847 1879 2307 1951 splendidissimo
2343 1901 2446 1936 no-

245 1980 397 2034 mine
434 1978 635 2046 obruti,
672 1978 846 2051 longa
878 1979 1173 2050 hucusque
1206 1984 1373 2031 nocte
1409 1977 1646 2031 forsitan
1680 1978 1864 2049 ignoti
1898 1980 2233 2050 urguentur!
2287 1977 2445 2046 Quos

245 2078 464 2131 utinam
509 2095 686 2148 aeque
730 2083 899 2149 atque
933 2084 1192 2130 nostrum
1241 2095 1270 2129 e
1305 2075 1552 2129 tenebris
1598 2094 1786 2129 eruere
1831 2095 1964 2129 mox
2010 2077 2271 2148 cuiquam
2310 2097 2445 2132 con—

244 2176 453 2247 tingat!
507 2173 685 2230 Grani
719 2174 1000 2228 Liciniani
1045 2181 1192 2228 certe
1239 2180 1530 2245 speramus
1564 2172 1682 2227 fore
1727 2179 1790 2226 ut
1835 2173 1999 2244 plura
2033 2174 2349 2246 fragmenta
2386 2177 2446 2229 in

246 2272 430 2327 lucem
464 2274 877 2345 protrahantur,
913 2273 1058 2326 inter
1091 2271 1449 2326 membranas
1485 2278 1549 2325 ut
1581 2271 1846 2325 credibile
1884 2279 1971 2325 est
2000 2273 2323 2326 etiamnunc
2359 2273 2442 2328 la-

246 2371 448 2439 tentia,
503 2390 647 2444 quae
700 2390 815 2425 una
859 2390 989 2424 cum
1031 2370 1363 2442 fragmentis
1410 2370 1619 2423 nostris
1664 2388 1732 2422 ex
1775 2368 2006 2441 Egypto
2053 2388 2265 2441 paucos
2312 2379 2442 2426 ante

246 2485 423 2522 annos
458 2469 517 2522 in
552 2468 813 2524 Museum
847 2468 1236 2523 Britannicum
1271 2474 1623 2521 transvectae
1661 2474 1807 2520 sunt.
1867 2466 2094 2521 Etenim
2128 2469 2213 2521 vir
2244 2468 2442 2524 beatae

245 2567 543 2620 memoriae
579 2567 794 2621 THOMAS
829 2567 1009 2634 ELLIS,
1057 2585 1225 2638 quem
1268 2566 1419 2619 haud
1463 2565 1675 2619 multos
1721 2571 1851 2618 ante
1887 2584 2111 2618 menses
2147 2569 2442 2638 repentina

244 2665 422 2716 morte
470 2663 768 2736 abreptum
805 2664 1066 2718 Museum
1104 2663 1492 2717 Britannicum
1541 2662 1841 2716 nobiscum
1889 2662 2073 2734 luget,
2123 2665 2214 2717 6111
2262 2684 2441 2718 mem—

242 2759 447 2814 branas
482 2761 610 2815 illas
646 2763 961 2816 accuratius
989 2761 1327 2833 perlustrare
1357 2780 1562 2814 mimus
1595 2760 1924 2828 obvenerat,
1961 2779 2109 2813 anno
2138 2764 2439 2832 praeterito

240 2857 540 2912 nobiscum
564 2860 1015 2927 communicavit,
1043 2878 1408 2931 permagnam
1435 2858 1619 2912 adhuc
1648 2859 1873 2912 illarum
1899 2866 2116 2929 partem
2147 2878 2440 2931 superesse

242 2974 384 3027 quae
421 2955 674 3009 nondum
710 2957 1000 3028 explorata
1036 2957 1133 3023 sit,
1171 2956 1391 3028 sibique
1426 2957 1542 3010 veri
1579 2957 1932 3009 simillimum
1967 2956 2166 3024 videri,
2212 2956 2330 3010 fore
2373 2965 2437 3011 ut

368 3078 407 3127 1)
435 3078 501 3116 cfr.
521 3090 605 3128 pag.
621 3079 668 3116 31
697 3078 827 3129 fragm.
842 3078 916 3123 III;
943 3092 1028 3130 pag.
1045 3081 1094 3118 32
1109 3087 1144 3116 et
1163 3081 1212 3118 33
1239 3079 1369 3129 fragm.
1385 3078 1457 3123 IV;
1484 3092 1566 3129 pag.
1586 3080 1634 3118 35
1663 3078 1791 3129 fragm.
1808 3079 1891 3118 VII.
1988 3078 2029 3128 2)
2058 3077 2122 3115 cfr.
2139 3078 2296 3128 exempli
2319 3078 2439 3128 gratia

238 3153 324 3191 pag.
341 3142 402 3189 33,
430 3146 466 3177 et
492 3139 629 3177 ibidem
659 3146 735 3177 not.
758 3143 792 3188 1,
806 3141 843 3188 3,
856 3142 892 3178 4.
1021 3141 1061 3190 3)
1090 3153 1120 3178 e.
1135 3154 1190 3191 gr.
1217 3141 1324 3178 Bello
1353 3141 1540 3179 Cimbrico
1570 3141 1669 3191 (pag.
1688 3143 1736 3180 33
1752 3147 1787 3178 et
1802 3141 1867 3190 34)
1896 3147 1931 3178 61
1958 3141 2063 3178 Β6110
2092 3140 2201 3178 Civili
2230 3140 2438 3178 Octaviano

241 3202 340 3252 (pag.
359 3202 558 3252 35—39);
588 3201 633 3239 de
659 3202 718 3239 his
746 3202 901 3252 aliisque
930 3202 1011 3239 vide
1038 3203 1310 3251 Mommsen,
1338 3205 1383 3241 R.
1410 3204 1456 3241 G.
1485 3212 1573 3241 tom.
1593 3205 1629 3242 Π
1658 3204 1760 3254 (edit.
1789 3203 1958 3252 secund.)
1985 3216 2070 3252 pag.
2093 3205 2153 3247 90,
2176 3204 2261 3250 178,
2282 3204 2375 3250 306,
2404 3209 2439 3239 et

236 3263 374 3302 ibidem
402 3264 673 3302 adnotationes.
