2634 3710
1130 377 1460 415 PRAEFATm.
2228 359 2398 415 XVII

192 518 365 573 verba
405 516 625 570 Rutilius
672 535 768 569 00³.
814 517 1004 588 colleqa
1046 516 1233 569 Manili
1283 516 1419 568 anni
1454 517 1562 570 649
1611 518 1774 587 quasi
1817 517 2048 570 titulum
2091 517 2354 573 efficiant.
2374 521 2394 552 ²

191 613 409 671 Deinde
442 632 574 667 vero
603 632 714 685 quo
751 614 989 667 consilio
1019 614 1077 666 in
1106 612 1418 666 Annalium
1455 612 1616 667 libris
1646 632 1782 667 usus
1821 615 1895 668 sit
1924 614 2034 667 alio
2068 614 2195 668 loco
2228 615 2394 670 claris

189 710 376 765 verbis
422 708 668 765 Granius
715 711 998 782 exposuit,
1045 710 1146 763 illo
1195 709 1412 764 scilicet
1449 728 1560 781 quo
1606 711 1664 763 in
1711 709 2043 765 Sallustium
2087 713 2393 783 invehitur3

189 808 327 862 dicit
355 809 504 862 enim
541 809 635 862 fol.
656 812 729 861 IV
747 829 787 862 r.
824 809 1055 861 verS.18
1077 826 1199 879 sqq.
1236 806 1387 879 (pag.
1409 806 1529 878 23):
1565 808 1777 861 Sallusti
1814 828 1938 879 opus
1972 809 2114 862 nobis
2150 811 2394 872 occurrit;

189 909 281 960 Sed
311 926 419 969 7203,
455 915 511 959 ut
543 906 863 967 instituimuS,
900 923 1067 957 moras
1103 913 1150 958 et
1182 923 1280 957 non
1313 906 1544 976 umentia
1579 905 1865 959 omittemim.
1934 908 2067 959 Nam
2098 908 2393 961 Sallustium

188 1024 287 1058 non
313 1014 368 1058 iit
389 1004 616 1057 historici
642 1012 773 1065 sunt,
794 1004 901 1056 -sed
930 1011 985 1054 ut
1019 1010 1264 1056 oratorem
1290 1002 1573 1073 leyendum:
1609 1021 1724 1055 nam
1753 1011 1800 1055 et
1828 1011 2047 1073 tempora
2079 1004 2395 1074 reprehendit

188 1122 299 1165 sua,
337 1111 384 1155 et
410 1102 588 1156 delicta
624 1102 800 1173 carpit,
838 1109 884 1153 et
918 1099 1129 1152 convitia
1163 1100 1364 1170 inyerit,
1406 1108 1452 1152 et
1481 1100 1646 1153 datin
1675 1118 1872 1153 censum
1899 1101 2025 1163 loca,
2061 1111 2265 1165 monim,
2298 1103 2391 1171 flu-

187 1200 322 1252 mina
366 1208 414 1252 et
457 1198 550 1252 hoc
592 1218 752 1270 yemis
782 1198 1096 1259 >amovenda
1155 1206 1202 1250 et
1245 1197 1414 1268 culpat
1457 1206 1503 1250 et
1547 1206 1788 1268 conparat
1831 1198 2131 1252 disserendo,
2216 1203 2390 1253 Verum

187 1297 351 1349 indico
369 1295 443 1368 (Ῥ)
473 1315 674 1367 qenera.
727 1294 948 1362 Quibus
980 1313 1048 1347 ex
1078 1294 1219 1348 locis
1257 1293 1521 1349 omnibus
1552 1293 1826 1349 Granium
1854 1295 2120 1350 historiae
2143 1298 2389 1350 conscri-

184 1393 401 1448 bendae
438 1394 611 1447 talem
651 1393 760 1447 sibi
803 1392 1110 1464 imaginem
1155 1393 1343 1446 animo
1390 1391 1676 1446 effinxisse
1714 1394 1993 1464 sequitur,
2035 1401 2098 1447 ut
2144 1394 2390 1465 simplici

183 1510 368 1544 rerum
400 1498 687 1562 gestarum
719 1489 1028 1544 secundum
1056 1489 1309 1544 ordinem
1341 1496 1662 1561 temporum
1693 1491 2030 1544 enarrationi
2057 1511 2090 1544 a
2118 1493 2389 1563 scriptore

183 1589 252 1642 de
290 1574 390 1642 suo
419 1588 562 1641 nihil
597 1588 711 1641 fere
741 1587 1060 1642 addendum
1096 1607 1220 1642 esse
1257 1593 1541 1654 statueret,
1577 1588 1657 1641 ita
1686 1594 1750 1641 ut
1780 1587 1872 1641 vel
1902 1606 1998 1641 eos
2031 1589 2128 1660 qui
2157 1588 2268 1642 alia
2297 1590 2389 1642 via

181 1685 557 1739 incedendum
595 1685 704 1739 sibi
736 1692 1012 1758 putarent,
1049 1693 1296 1740 oratores
1333 1685 1523 1757 potius
1562 1704 1730 1756 quam
1760 1686 2062 1740 historicos
2099 1705 2223 1740 esse
2253 1705 2388 1740 con-

182 1782 450 1837 tenderet.
503 1782 611 1836 His
655 1784 827 1855 igitur
874 1784 1060 1838 causis
1105 1783 1347 1856 permoti
1392 1789 1679 1836 auctorem
1723 1790 1981 1837 nostrum
2031 1798 2173 1856 opus
2222 1803 2386 1838 suum

181 1881 403 1934 Annales
444 1881 801 1952 inscripsisse
838 1881 1140 1949 credimus,
1186 1899 1426 1953 eumque
1465 1880 1695 1935 titulum
1730 1881 2063 1953 fragmentis
2109 1883 2228 1936 eius
2266 1883 2386 1936 sine

181 1978 303 2032 ulla
335 1978 686 2032 dubitatione
719 1980 1163 2050 praeposuimus

385 2073 541 2141 Quae
598 2076 826 2148 quidem
873 2076 1183 2130 Annalium
1235 2076 1413 2131 Grani
1455 2075 1736 2130 Liciniani
1784 2076 2054 2148 reliquiae
2107 2084 2386 2149 quotquot

180 2173 474 2246 hucusque
524 2174 865 2246 investigare
919 2174 1085 2228 nobis
1131 2175 1383 2229 Fortuna
1439 2175 1745 2241 concessit,
1800 2173 2109 2246 particulae
2169 2174 2386 2228 scilicet

182 2268 453 2324 librorum
487 2274 675 2336 XXVI,
710 2275 951 2336 XXVIII,
987 2275 1228 2339 XXXIII,
1263 2275 1474 2337 XXXV,
1509 2275 1747 2338 XXXVI,
1783 2272 2076 2326 historiam
2111 2291 2385 2326 annorum

183 2386 230 2420 a.
249 2366 315 2421 U.
338 2387 383 2422 0.
406 2369 513 2423 509
528 2367 808 2441 (‘?)—676
833 2367 903 2441 (a.
925 2367 1054 2424 Chr.
1075 2390 1128 2424 n.
1152 2369 1450 2442 245—78)
1474 2370 1941 2441 complectimtur.
1987 2369 2184 2441 Itaque
2215 2388 2386 2441 quae-

181 2465 434 2520 rentibus
471 2465 637 2520 nobis
673 2485 706 2520 a
742 2485 988 2538 quonam
1006 2467 1177 2522 Urbis
1213 2474 1465 2540 tempore
1503 2467 1787 2522 scribendi
1822 2467 2112 2522 exordium
2140 2465 2385 2522 Granius

183 2560 426 2630 duxerit,
469 2583 539 2618 ex
582 2583 696 2618 uno
734 2564 937 2618 saltem
973 2565 1100 2619 1000
1149 2567 1339 2619 statim
1377 2565 1450 2620 ab
1486 2565 1639 2620 Urbe
1676 2566 1906 2620 condita
1938 2565 2221 2636 incepisse
2256 2583 2384 2618 eum

181 2658 605 2714 concedendum
634 2668 735 2715 est.
788 2661 866 2716 Ut
902 2664 1052 2716 enim
1089 2663 1278 2717 locum
1314 2664 1479 2718 illum
1504 2670 1721 2717 taceam
1753 2682 1920 2735 quem
1949 2661 2099 2733 apud
2130 2660 2383 2716 Servium

180 2756 250 2809 ad
287 2756 486 2828 Virgil.
526 2757 756 2813 Aeneid.
781 2759 831 2827 I,
864 2762 1004 2815 737¹
1044 2760 1312 2833 legimUS,
1366 2767 1423 2816 et
1472 2780 1640 2834 quem
1684 2759 1896 2816 Granio
1943 2760 2239 2813 Liciniano
2284 2760 2383 2813 tri-

179 2852 469 2907 buendum
504 2873 628 2909 esse
664 2875 833 2928 supra
868 2857 1128 2926 diximuS,
1166 2860 1376 2931 quippe
1412 2861 1562 2932 quod
1600 2879 1668 2913 ex
1694 2856 2014 2913 Annalibus
2050 2858 2170 2911 eius
2206 2877 2278 2911 an
2314 2876 2382 2911 ex

180 2951 291 3006 alio
336 2953 526 3023 potius
571 2971 737 3025 opere
777 2954 1112 3028 desumptus
1161 2957 1234 3011 sit
1277 2975 1378 3029 pro
1427 2965 1578 3012 certo
1622 2976 1738 3011 non
1774 2955 2197 3022 affirmaverim,
2241 2955 2380 3008 haec

309 3129 347 3178 1)
383 3128 481 3166 Nam
509 3127 610 3177 apud
637 3127 796 3165 maiores
825 3135 972 3167 nostros
999 3130 1158 3169 feminae
1185 3145 1258 3169 non
1286 3131 1488 3168 utebantur
1515 3132 1614 3179 vino,
1642 3131 1714 3169 nisi
1741 3143 1931 3168 sacrorum
1959 3143 2070 3168 causa
2098 3129 2208 3167 certis
2236 3128 2380 3166 diebus.

181 3191 365 3240 ‘Denique
390 3191 532 3238 femina
558 3202 656 3239 quae
683 3190 768 3226 sub
796 3190 984 3228 Romulo
1013 3196 1141 3231 vinum
1168 3194 1258 3231 bibit
1280 3195 1406 3231 occisa
1427 3198 1483 3230 est
1512 3207 1533 3231 α
1558 3196 1716 3240 marito,
1744 3195 1966 3230 Mecermius
1989 3192 2200 3237 absolutus,
2227 3191 2264 3228 id
2286 3192 2382 3228 enim

181 3265 313 3291 nomen
339 3251 502 3291 maritos
557 3251 616 3288 Sic
645 3251 806 3290 Granius
835 3252 1051 3291 Licinianus
1079 3268 1216 3293 coenae
1243 3268 1332 3293 suae
1359 3255 1502 3306 quinto.

1892 3354 1917 3385 O
