2634 3710
20 745 177 778 ‘fol.4r.
204 772 214 782 ,
236 773 246 782 ,

19 825 60 856 A.
73 823 114 856 U.
125 823 163 855 C.

43 871 120 902 676.

41 1467 52 1478 ⁶
69 1467 131 1499 eol.
148 1469 178 1499 2.

39 2097 121 2131 'sol.
139 2095 180 2129 4'.

190 485 265 539 44
939 499 1083 539 cnm
1114 499 1337 538 Licinum
1368 499 1458 538 Lm.
1483 499 1646 538 xxxw.

1255 640 1318 688 X.

269 733 312 781 .'
341 732 484 782 eoncli
511 749 683 799 corpus
710 733 936 795 iusserat,
961 748 1059 780 non
1087 728 1303 779 comburi
1317 730 1345 778 ¹.
1383 729 1467 778 sed
1494 729 1548 777 L.
1576 728 1861 794 Philippus²
1888 732 2200 782 cremandum
2226 735 2386 800 potius

198 823 398 885 censuit,
433 839 494 871 ne
529 822 657 871 idem
684 821 849 872 Sullae
885 822 1099 871 eveniret
1135 820 1264 885 quod
1301 818 1363 868 G.
1389 819 1569 881 Mal-ie,
1604 819 1742 868 cuius
1778 836 1952 885 corpus
1988 821 2164 872 milites
2202 823 2385 875 inimici

199 922 467 962 extractum
502 923 813 961 monumento
850 912 1121 961 ‹lisieerant.
1159 911 1321 975 itaque
1359 910 1596 958 iustitium
1633 910 1739 971 fuit,
1776 919 2120 976 matronaeque
2148 930 2259 963 eum
2287 923 2387 965 toto

199 1020 327 1052 anno
379 1002 620 1050 luxerunt.
669 1003 717 1051 in
765 1020 936 1068 eampo
981 1001 1164 1050 Romae
1215 1000 1432 1066 sepultus
1481 1000 1595 1062 est³,
1652 1000 1953 1066 amplissimo
2000 999 2170 1050 funere
2216 1002 2387 1066 elatus,

199 1110 379 1158 magna
414 1091 582 1156 populi
617 1091 903 1157 frequentia.
940 1092 1078 1140 cuius
1114 1108 1232 1156 rogo
1269 1107 1419 1156 quum
1459 1090 1585 1156 ignis
1616 1099 1741 1139 esset
1770 1090 1971 1150 inlatus,
2007 1108 2104 1140 non
2134 1091 2386 1143 mediocris

199 1182 353 1230 imber
387 1191 458 1229 est
494 1182 752 1232 insecutus.

403 1271 603 1322 Sallusti
639 1292 759 1339 opus
805 1272 944 1321 nobis
988 1272 1232 1320 occurrit⁴.
1278 1270 1360 1319 sed
1398 1288 1505 1332 nos,
1552 1280 1605 1319 ut
1641 1270 1959 1333 instituimus,
2003 1287 2163 1320 moras
2207 1283 2254 1320 et
2292 1290 2389 1321 non

202 1363 424 1429 urgentia
459 1362 747 1411 omittemus.
801 1381 914 1411 nani
952 1362 1238 1410 Sallustium
1283 1379 1380 1409 non
1426 1371 1477 1410 ut
1513 1360 1728 1410 historici
1764 1372 1898 1421 sunt,
1946 1360 2029 1409 sed
2067 1370 2119 1410 ut
2154 1372 2391 1412 oratorem

204 1451 513 1518 legendum‘:
557 1470 669 1501 nani
714 1464 760 1501 et.
803 1463 1019 1518 tempora
1060 1452 1369 1518 reprehendit
1412 1469 1501 1500 sua
1545 1461 1591 1499 et
1634 1451 1809 1499 delicta
1845 1450 2021 1515 carpit,
2065 1460 2113 1499 ct
2147 1453 2392 1502 convitiw·

203 1543 397 1608 ingerit,
443 1552 487 1590 et
523 1542 605 1590 (lat
649 1543 695 1591 in
735 1544 965 1592 censuinb
1000 1544 1108 1592 loca
1142 1554 1330 1590 montes
1366 1542 1569 1590 flumina
1606 1553 1652 1590 et
1689 1541 1780 1589 hoe
1816 1557 1971 1606 genus
2008 1541 2303 1601 amovenda,
2345 1555 2392 1592 et

203 1633 398 1698 culpat⁶
434 1640 480 1680 et
515 1640 747 1697 conparat
783 1633 1078 1683 disserendo.
1122 1632 1305 1681 Verum
1345 1633 1527 1681 ...cod
1552 1649 1733 1696 genera
1752 1631 1814 1697 (Ρ)
1850 1629 2032 1679 tribuni
2067 1630 2253 1697 plebise
2280 1650 2392 1681 con·

205 1724 347 1783 sules,
376 1722 445 1770 uti
472 1723 780 1771 tribuniciam
806 1734 1092 1790 potestatem
1121 1724 1440 1771 restituerent.
1478 1723 1675 1788 negavit
1705 1722 1836 1787 prior
1862 1721 2090 1786 Lepidus,
2127 1730 2174 1770 et
2199 1723 2248 1771 in
2279 1739 2392 1771 eon-

202 1815 415 1862 tionomr
453 1831 633 1878 magna
676 1831 787 1878 pars
833 1814 1117 1863 adsensasta
1152 1813 1353 1862 dicenti:
1402 1831 1498 1861 non
1543 1829 1647 1861 esse
1692 1812 1807 1860 utile
1852 1811 2039 1860 restitui
2083 1811 2390 1861 tribuniciam

203 1913 510 1969 potestate1n3
546 1914 592 1952 et
618 1913 749 1952 extat
775 1905 939 1952 eratin.
984 1905 1142 1969 legem
1172 1904 1539 1952 fruinentaiiani
1575 1902 1712 1950 nullo
1748 1902 2001 1951 resistente
2036 1901 2272 1967 adeptus'·
2305 1912 2390 1963 est,

205 2004 258 2042 ut
283 2012 504 2042 annonae
531 1995 745 2059 quinque
770 1994 901 2042 modi
928 1996 1109 2061 populo
1136 1995 1379 2053 darentur,
1415 2003 1461 2041 et
1487 1992 1584 2040 alia
1610 1991 1765 2040 multa
1790 1991 2190 2057 pollicebantur&
2223 1992 2390 2041 exules

207 2083 456 2143 reducere,
493 2101 566 2131 res
603 2093 764 2148 gestas
800 2103 829 2131 a
865 2084 1027 2132 Sulla‘
1064 2086 1349 2146 rescindere,
1387 2084 1434 2131 in
1472 2099 1679 2148 quorum
1715 2100 1886 2148 agrum
1922 2121 1964 2131 ..
1987 2083 2072 2132 ,81ς
2100 2082 2392 2132 deduxerat⁵

207 2171 508 2220 sa...fuere
550 2172 809 2221 Faesulani
855 2175 902 2222 in
951 2213 1253 2222 ..........
1300 2174 1500 2223 castella
1546 2173 1876 2222 Romanorum
1921 2173 2060 2223 Sulla
2105 2174 2389 2239 possessori-

207 2261 325 2309 bus!
351 2262 520 2310 occisis
547 2281 688 2327 agros
711 2287 722 2309 .·
743 2303 751 2310 .
775 2302 784 2310 .
805 2282 857 2311 es
887 2264 1200 2312 reddiderunt
1226 2276 1271 2312 et
1300 2304 1308 2311 .
1332 2303 1340 2311 .
1365 2303 1373 2311 .
1406 2272 1522 2311 natu
1551 2262 1874 2312 defendebant
1903 2301 2172 2311 .........
2200 2272 2388 2328 agreste

321 2398 359 2437 a)
391 2399 440 2430 sic
463 2398 698 2437 scribem1um3
727 2400 816 2431 idem
841 2402 1004 2442 proponi!
1035 2401 1084 2433 M.
1180 2401 1216 2438 b)
1243 2410 1385 2433 censum
1411 2401 1461 2432 M.
1557 2400 1590 2442 c)
1617 2401 1733 2443 culpat
1760 2400 1811 2433 M.
1907 2400 1953 2441 d)
1980 2398 2122 2442 lindi]eo
2147 2401 2313 2441 proponi!
2333 2400 2392 2437 ,913

208 2463 362 2502 sortasse
395 2465 531 2498 tristem,
573 2466 608 2492 u!
643 2462 709 2493 iam
741 2462 829 2494 idem
860 2467 991 2501 sensu,
1022 2461 1114 2495 hisce
1147 2463 1280 2495 litteris
1313 2462 1451 2496 verbum
1482 2463 1591 2500 Inter,
1625 2464 1714 2506 quod
1748 2463 1845 2505 infra
1876 2466 1955 2505 post
1988 2471 2087 2494 voces
2120 2460 2250 2493 tribuni
2280 2460 2392 2504 plebis

209 2524 441 2555 desideratur.
527 2523 561 2564 e)
587 2525 637 2556 sic
663 2529 756 2556 recte
775 2525 824 2556 M.
908 2525 947 2567 s)
972 2525 1078 2558 scribi
1105 2526 1211 2557 eciam
1236 2531 1354 2568 potest
1380 2526 1415 2558 in
1442 2526 1613 2566 contione,
1640 2536 1718 2557 unm
1742 2525 1857 2557 scriba
1880 2524 2023 2567 saepius
2046 2524 2205 2556 litteram
2222 2524 2258 2556 M
2284 2529 2344 2557 mu
2369 2523 2393 2556 S

205 2586 279 2618 sim·
305 2586 377 2616 nlla
401 2586 541 2618 ratione
567 2586 618 2618 bis
643 2587 772 2629 posuit.
880 2590 920 2629 y)
945 2588 1122 2620 adsensast
1150 2589 1198 2620 M.
1311 2587 1349 2629 h)
1375 2588 1520 2630 adeptus
1545 2588 1596 2620 M.
1706 2589 1735 2627 ι’)
1761 2586 1989 2630 pollicebatur
2014 2586 2073 2625 Μς
2109 2586 2329 2620 ..cieebatur
2354 2592 2392 2619 ut

206 2648 340 2680 videtur
366 2649 439 2680 cml.
535 2648 570 2687 k)
601 2659 644 2679 an
673 2650 849 2691 Ieycndum
877 2650 1029 2682 milites?
1123 2651 1156 2691 1)
1182 2651 1246 2689 sic,
1274 2652 1308 2683 ni
1334 2650 1459 2693 fallor,
1483 2649 1702 2683 scribendum
1727 2661 1791 2692 pro
1818 2648 2087 2682 SULLANOSU
2104 2674 2111 2680 .
2128 2672 2136 2682 .
2152 2650 2276 2682 ERIB·

292 2760 333 2814 1)
365 2759 483 2802 Sulla
512 2775 662 2816 corpus
684 2775 803 2801 suum
834 2761 954 2803 condi
985 2762 1174 2815 iusserat,
1205 2777 1265 2804 se·
1416 2762 1463 2816 4)
1495 2760 1669 2803 Sallusti
1685 2761 1902 2803 Historiae
1938 2776 1975 2802 a.
2007 2761 2089 2803 676
2121 2762 2391 2819 incipiebant,

205 2831 386 2874 cundum
416 2839 602 2874 veterem
626 2832 848 2875 Corneliae
878 2834 1016 2889 gentis
1047 2845 1266 2876 consuetu·
1334 2848 1465 2890 quare
1495 2833 1573 2875 hoc
1610 2833 1700 2890 ipso
1736 2833 1829 2875 loeo
1861 2832 2047 2876 Granius
2087 2835 2262 2892 primam
2303 2835 2392 2878 eius

205 2903 365 2956 dinem,
397 2919 479 2960 qua
511 2905 696 2947 comburi
727 2912 912 2947 mortuos
942 2906 1119 2948 vetitum
1150 2913 1262 2957 erat3
1332 2905 1588 2948 mentionem
1620 2906 1763 2959 affert,
1807 2905 1879 2946 cfr.
1913 2904 2086 2948 Sallusti
2116 2906 2228 2950 Hist.
2258 2907 2332 2949 lib.
2355 2908 2390 2960 I,

158 3023 161 3026 Δ
207 2976 280 3017 cfr.
311 2975 548 3018 Mommsen
578 2977 631 3018 R.
659 2976 715 3019 G.
741 2976 804 3029 II,
831 2977 913 3019 376
944 2977 1043 3020 edit.
1076 2977 1249 3019 secund.
1331 2978 1482 3034 fragm.
1516 2979 1566 3019 1:
1609 2978 1693 3020 Res
1725 2978 1878 3034 populi
1913 2979 2098 3021 Romani
2135 2980 2195 3021 M.
2233 2979 2393 3037 Lepido

291 3048 333 3098 2)
364 3047 452 3089 scil.
475 3048 525 3090 L.
541 3047 727 3090 Marcius
750 3048 982 3106 Philippus,
1007 3064 1090 3091 eos.
1116 3064 1152 3091 a.
1169 3049 1265 3092 663.
1332 3050 1380 3101 Q.
1412 3050 1557 3093 Catulo
1588 3049 1717 3103 Coss„
1756 3066 1805 3092 ac
1836 3050 1985 3093 deinde
2011 3052 2187 3094 militiae
2217 3061 2254 3094 et
2282 3052 2398 3094 domi

289 3119 333 3173 3)
365 3120 438 3160 cfr.
469 3119 565 3162 Liv.
588 3120 704 3176 Epit.
735 3119 806 3162 lib.
823 3121 898 3162 90:
929 3121 1051 3163 Sulla
1081 3121 1264 3175 decessit,
1327 3129 1468 3177 qesta-⁹
1495 3122 1716 3176 composui.

207 3191 410 3246 honosque
431 3192 473 3232 ei
491 3207 517 3232 a
540 3201 682 3233 senatu
709 3193 872 3234 habitus
896 3201 954 3234 est
982 3202 1026 3235 ut
1054 3193 1099 3235 in
1121 3208 1264 3248 campo
1415 3192 1460 3247 5)
1492 3192 1569 3235 cfr.
1599 3193 1693 3235 Liv.
1729 3194 1828 3251 epit.
1860 3194 1934 3237 89:
1971 3197 2093 3238 Sulla
2122 3227 2131 3237 .
2148 3227 2159 3238 .
2176 3227 2185 3236 .
2215 3194 2297 3236 XL
2308 3193 2393 3236 VI]

207 3263 362 3305 Martio
383 3263 625 3318 sepeliretur
635 3279 649 3317 ;
678 3263 863 3320 Appian.
895 3264 947 3307 B.
976 3263 1028 3307 C.
1054 3264 1090 3318 I,
1120 3264 1198 3306 1Οό
1221 3270 1264 3306 et
1330 3265 1510 3322 leyiones
1539 3266 1585 3307 ἰἠ
1624 3281 1749 3322 αοᾳνοε
1778 3275 1918 3322 captos
1948 3266 2122 3309 deduoet't
2159 3274 2196 3308 et
2229 3280 2295 3308 eos
2324 3265 2388 3308 his

210 3333 307 3383 1063
337 3333 551 3376 Plutarch.
583 3335 623 3376 in
656 3333 775 3377 Sulla
805 3351 898 3393 cap.
917 3337 985 3378 38.
1330 3336 1494 3390 divisic;
1531 3336 1717 3394 Appian.
1749 3336 1797 3379 B.
1827 3336 1877 3380 C.
1906 3338 1941 3391 Ι,
1973 3353 2063 3393 cap.
2088 3337 2143 3379 96
2172 3342 2213 3379 et
2238 3337 2329 3378 100.
