2634 3710
1165 370 1502 408 PRAEFATIO.
2342 358 2428 411 XI

435 517 484 567 2.
557 514 946 567 Con-sonantium
980 513 1295 584 permutatio,

233 616 390 661 Scribit
419 618 442 658 b
473 631 549 673 pro
576 633 606 672 p
637 616 699 658 in:
730 617 974 659 conscribsit
1003 631 1101 673 pag.
1122 616 1184 669 13,
1206 615 1256 669 B,
1277 620 1348 664 11,
1379 615 1633 671 proscribtos
1664 633 1704 674 p.
1723 618 1790 671 21,
1812 609 1864 671 Β,
1884 622 1926 667 8,
1960 618 2032 660 sed
2065 632 2087 659 c
2111 625 2258 661 contra
2284 620 2427 663 scribit
2474 614 2476 616 ³

639 697 786 737 ctiam:
818 695 1090 751 subrepserat
1119 707 1159 749 p.
1180 694 1245 747 13,
1267 693 1319 747 B,
1340 699 1411 743 23,

411 775 441 816 d
469 791 546 831 pro
579 785 593 816 t
629 777 690 816 in:
722 775 860 831 adque
878 772 947 829 (=
969 770 1115 828 atque)
1146 787 1187 828 p.
1204 772 1270 825 10,
1292 772 1342 826 Β,
1365 777 1413 811 13
1441 779 1483 815 et
1502 773 1692 830 saepius,
1725 774 1900 831 aliquod
1928 775 1997 830 (=
2020 775 2200 832 aliquot)
2232 793 2273 834 p.
2294 778 2356 831 10,
2377 783 2426 817 20

636 860 677 896 et
706 870 749 911 p.
768 853 832 906 16,
854 859 893 900 1,
924 850 1109 907 reliquid
1137 848 1208 905 (=
1228 850 1416 908 reliquit)
1449 853 1540 908 p.6‚
1563 853 1613 906 Β,
1637 857 1683 901 4,

418 943 432 974 t
462 948 538 989 pro
569 933 599 975 d
626 933 689 974 in:
722 940 823 988 aput
852 947 894 988 p.
912 931 979 983 20,
999 929 1052 982 Β,
1073 933 1146 977 19,

412 1030 433 1055 8
463 1027 539 1069 pro
570 1028 591 1054 c
620 1011 685 1052 in:
718 1009 989 1052 considerant
1019 1008 1088 1064 (=
1111 1007 1406 1065 conciderunt)
1436 1026 1477 1067 p.
1493 1011 1561 1064 21,
1583 1009 1634 1063 Β,
1656 1014 1727 1058 12,

408 1108 432 1133 υ
463 1105 539 1147 pro
571 1091 593 1132 b
623 1090 684 1131 in:
716 1087 975 1132 tavernaculi
1007 1087 1078 1144 (=
1104 1087 1393 1144 tabernaculi)
1424 1105 1467 1145 p.
1489 1089 1552 1143 15,
1579 1089 1629 1143 Β,
1649 1094 1721 1138 23,
1764 1090 1935 1132 valneas
1967 1091 2035 1146 (=
2062 1090 2256 1145 balneas)
2294 1108 2334 1148 p.
2358 1093 2425 1145 26,

630 1184 739 1211 vers.
760 1172 809 1206 13
829 1174 871 1209 et
889 1172 938 1206 14
962 1168 1086 1224 (bis);
1117 1167 1299 1224 venigne
1330 1167 1400 1222 (=
1420 1167 1623 1224 benigne)
1654 1184 1696 1224 p.
1715 1168 1782 1222 20,
1804 1168 1855 1222 Β,
1876 1173 1941 1208 21.

426 1259 768 1316 Praepositiones
799 1258 858 1300 ad
885 1264 926 1300 et
955 1275 1047 1312 eon,
1082 1272 1160 1299 nec
1190 1272 1276 1298 non
1304 1258 1350 1300 in
1380 1272 1429 1299 ac
1459 1259 1553 1312 sub,
1585 1257 1658 1300 ubi
1690 1274 1786 1300 cum
1817 1258 1909 1300 aliis
1940 1259 2084 1302 verbis
2115 1268 2427 1318 componuntur

228 1343 506 1381 consonantes
532 1351 628 1378 suas
652 1337 894 1378 immutatas
914 1336 1111 1390 retinent,
1144 1350 1178 1377 e.
1199 1352 1239 1393 g.
1271 1335 1477 1392 adgnovit
1495 1351 1592 1393 pag.
1613 1337 1676 1391 14,
1697 1337 1747 1391 Β,
1767 1342 1839 1387 17,
1872 1338 2142 1396 conloquium
2166 1355 2208 1395 p.
2230 1340 2294 1392 19,
2314 1340 2364 1394 Β,
2385 1345 2427 1387 5,

225 1418 377 1459 inlatus
408 1432 450 1473 p.
470 1416 536 1469 23,
557 1421 627 1470 16,
667 1414 903 1471 inperfecta
932 1432 974 1473 p.
992 1416 1060 1469 26,
1081 1415 1131 1468 Β,
1151 1419 1223 1463 24,
1261 1414 1432 1471 inpetus
1463 1431 1503 1471 p.
1524 1415 1552 1456 4
1581 1430 1693 1458 vers.
1716 1421 1756 1467 13
1794 1416 2022 1472 inpositam
2053 1434 2094 1474 p.
2113 1419 2136 1459 7
2161 1432 2270 1459 vers.
2291 1423 2333 1463 5,
2370 1418 2428 1460 in-

225 1502 449 1553 praecatus
479 1511 521 1551 p.
543 1495 607 1548 14,
625 1494 676 1547 Β,
696 1499 745 1535 21
764 1512 772 1543 ,
806 1495 1013 1538 submovit
1042 1511 1083 1551 p.
1104 1495 1166 1547 11,
1188 1494 1239 1547 Β,
1260 1498 1323 1533 16.

425 1574 625 1631 Denique
646 1574 858 1616 notandae
879 1580 978 1616 sunt
995 1574 1181 1615 formae:
1213 1572 1456 1615 Archelavo
1487 1588 1530 1630 p.
1551 1573 1616 1627 18,
1639 1573 1689 1628 Β,
1711 1579 1781 1623 12,
1812 1575 2076 1618 Archaelavo
2107 1575 2207 1618 ibid.
2227 1591 2337 1618 vers.
2358 1581 2425 1625 22,

230 1654 576 1697 Ariobardianen
611 1653 679 1709 (=
700 1652 1057 1709 Ariobarzanem)
1088 1668 1129 1709 p.
1146 1652 1198 1694 19
1230 1666 1341 1694 vers.
1363 1656 1425 1690 19.

428 1731 609 1790 Saepius
641 1733 768 1775 etiam
805 1733 964 1774 litteras
1001 1738 1042 1774 et
1073 1737 1355 1774 consonantes
1395 1736 1436 1772 et
1465 1730 1636 1773 vocales
1675 1737 1748 1774 aut
1779 1733 2010 1790 duplicavit
2045 1738 2118 1775 aut
2153 1733 2323 1775 omnino
2355 1734 2426 1776 ad—

223 1812 351 1855 didit:
389 1818 430 1853 et
459 1813 520 1854 ita
551 1812 741 1870 quidem,
780 1817 827 1853 ut
855 1811 899 1852 in
930 1811 1014 1853 fine
1044 1811 1273 1853 verborum
1303 1810 1482 1867 primam
1513 1811 1730 1867 sequentis
1761 1812 1881 1854 verbi
1911 1818 2144 1870 repeteret,
2182 1827 2310 1868 quam
2338 1828 2427 1855 rem

222 1892 350 1935 etiam
390 1891 433 1934 in
469 1892 587 1935 libris
623 1907 751 1934 manu
789 1891 957 1948 scriptis
995 1891 1304 1934 recentioribus
1345 1889 1593 1947 saepissime
1629 1905 1854 1934 occurrere
1893 1891 1996 1934 satis
2037 1898 2215 1934 constat.
2295 1890 2426 1934 Cuius

225 1971 520 2028 duplicationis
549 1971 786 2013 litterarum
817 1971 1015 2028 exempla
1046 1971 1259 2028 adponam
1287 1969 1414 2011 haec:

338 2051 487 2093 scribit
517 2050 670 2093 dirruit
697 2050 768 2106 (=
790 2050 935 2106 diruit)
963 2065 1064 2107 pag.
1086 2051 1136 2092 16
1158 2064 1267 2092 vers.
1287 2053 1358 2097 15,
1389 2047 1551 2091 iuncxit
1573 2049 1644 2105 (=
1664 2049 1820 2106 iunxit)
1851 2066 1892 2108 p.
1912 2050 1974 2104 15,
1993 2055 2065 2099 24,
2096 2055 2277 2092 aetatem
2305 2049 2429 2091 maio-

335 2145 426 2173 rem
449 2135 519 2186 (Ξ
541 2137 681 2173 aetate
703 2129 927 2184 maiorem)
959 2145 1000 2186 p.
1019 2129 1059 2183 6,
1081 2129 1131 2183 Β,
1152 2133 1224 2177 19,
1257 2142 1389 2169 annos
1411 2127 1630 2184 superiore
1653 2128 1725 2184 (=
1747 2144 1857 2171 anno
1879 2127 2116 2186 superiore)
2139 2144 2181 2185 p.
2196 2129 2263 2182 21,
2284 2128 2335 2182 Β,
2355 2133 2427 2176 13,

339 2210 577 2253 contionem
604 2226 758 2267 magna
781 2208 851 2267 (=
876 2208 1071 2251 contione
1092 2206 1266 2264 magna)
1297 2223 1338 2263 p.
1355 2207 1421 2260 23,
1443 2206 1493 2260 Β,
1514 2211 1589 2256 13,
1620 2213 1662 2250 et
1682 2208 1883 2251 invicem:
1914 2223 1995 2264 quo
2022 2206 2209 2250 subsidio
2231 2206 2300 2262 (=
2323 2222 2427 2263 quos

334 2289 539 2345 subsidio)
570 2305 610 2346 p.
632 2290 698 2344 14,
719 2295 781 2329 18.

422 2370 617 2412 Litterae.
638 2368 931 2411 desiderantur
959 2368 1003 2409 in
1034 2365 1230 2409 vocibus:
1268 2364 1347 2408 eris
1378 2365 1448 2421 (=
1468 2365 1611 2423 heres)
1642 2381 1685 2423 p.
1705 2365 1729 2405 7
1762 2379 1872 2406 vers.
1894 2371 1967 2415 193
1999 2365 2231 2408 exibuerat
2261 2365 2332 2420 (=
2358 2380 2427 2407 ex·

224 2446 436 2504 hibuerat)
465 2464 508 2505 p.
527 2449 594 2502 21,
616 2448 666 2503 Β,
687 2453 727 2497 1,
759 2447 835 2490 sed
865 2462 888 2490 e
919 2446 1130 2489 contrario
1161 2444 1341 2501 legimus
1374 2446 1520 2487 etiam:
1551 2446 1674 2488 lzoras
1706 2443 1777 2500 (=
1798 2445 1913 2501 oras)
1943 2461 1984 2502 p.
2004 2446 2068 2498 10,
2088 2444 2138 2493 Β,
2158 2448 2229 2491 20,
2258 2443 2426 2485 litterae

225 2524 378 2568 deinde
415 2526 666 2569 exciderunt
701 2527 765 2569 in:
820 2533 1012 2569 extructo
1052 2527 1123 2582 (=
1147 2523 1384 2580 exstructo)
1422 2540 1466 2581 p.
1487 2524 1559 2578 14,
1593 2524 1645 2579 Β,
1671 2529 1741 2573 18,
1793 2523 2023 2566 disicerant
2062 2524 2132 2580 (=
2166 2522 2424 2578 disiiccrant)

222 2618 265 2659 p-
283 2603 337 2645 23
366 2619 476 2647 vers.
494 2610 538 2654 8,
570 2606 693 2648 modi
719 2606 788 2662 (=
809 2606 958 2664 modii)
990 2622 1032 2664 p.
1049 2606 1119 2660 23,
1140 2605 1190 2658 B,
1210 2608 1283 2652 21,
1313 2617 1368 2645 ne
1391 2601 1529 2644 dicam
1556 2602 1609 2644 de
1634 2603 1770 2645 forma
1793 2603 1969 2660 genitivi
1991 2602 2210 2645 nominum
2234 2602 2425 2659 Pompei,

222 2698 264 2737 ρ.
282 2683 345 2736 14,
373 2683 424 2737 Β,
443 2688 513 2732 16,
560 2684 724 2742 Grani,
754 2704 797 2745 p.
822 2687 879 2729 22
917 2685 1130 2743 inscript.;
1179 2682 1349 2737 Manili,
1379 2698 1421 2738 p.
1449 2682 1514 2736 10,
1545 2682 1596 2737 Β,
1623 2687 1686 2721 10.
1751 2682 1951 2739 Denique
1989 2681 2157 2724 scribit:
2205 2681 2426 2723 adsensast

223 2761 295 2815 (=
316 2760 495 2804 adsensa
525 2763 607 2818 est)
637 2780 679 2820 p.
697 2765 765 2818 23,
793 2764 844 2818 Β,
865 2769 936 2813 13,
975 2771 1036 2807 et:
1073 2769 1283 2806 mortuast
1313 2762 1383 2818 (=
1403 2766 1572 2804 mortua
1602 2760 1685 2818 est)
1716 2776 1758 2818 p.
1777 2761 1832 2804 20
1859 2775 1970 2802 vers.
1989 2765 2054 2800 24.

423 2842 592 2897 Lapsae
622 2843 780 2886 calami
813 2850 855 2886 et
886 2849 1033 2901 aperta
1062 2842 1165 2886 vitia
1195 2857 1354 2900 paucos
1383 2842 1428 2884 in
1459 2840 1604 2883 codice
1639 2845 1787 2883 nostro
1816 2839 2074 2893 invenimus,
2112 2844 2178 2880 ut:
2219 2838 2425 2880 habueret

224 2920 295 2973 (=
316 2919 514 2975 haberet)
543 2936 586 2976 p.
605 2920 644 2974 6,
666 2920 716 2974 Β,
734 2926 805 2972 24,
837 2922 1130 2965 adventatium
1162 2921 1230 2978 (=
1251 2903 1588 2974 adventantium)
1619 2935 1660 2976 p.
1680 2918 1744 2972 10,
1765 2918 1815 2972 B,
1835 2922 1907 2973 143
1937 2923 2099 2975 peterat
2129 2917 2200 2972 (=
2220 2915 2422 2972 petierat)

222 3015 263 3055 p.
279 2999 330 3041 13
350 3014 460 3041 vers.
478 3003 546 3047 10,
573 2998 847 3043 subvenirent
860 3002 931 3057 (=
945 3001 1210 3057 subveniret)
1226 3016 1268 3057 p.
1283 3000 1347 3053 14,
1362 2999 1499 3053 Β,13,
1529 2997 1751 3055 negabant
1767 2997 1838 3052 (=
1849 2996 2086 3054 negabant)
2107 3012 2148 3053 p.
2163 2996 2215 3038 15
2230 3009 2342 3036 vers.
2356 2999 2423 3042 14,

221 3076 496 3134 praesidebat
526 3078 595 3134 (=
611 3078 930 3136 praesidebant)
960 3097 1002 3138 p.
1022 3081 1088 3133 18,
1117 3080 1168 3134 Β,
1187 3085 1231 3128 9,
1270 3078 1453 3135 denique
1482 3077 1634 3120 verba:
1664 3076 1873 3118 necatis
1902 3074 2124 3131 reliquis
2153 3074 2219 3116 bis
2251 3079 2426 3115 exarata

222 3163 320 3199 sunt
350 3171 448 3214 pag.
475 3157 526 3199 19
556 3173 666 3200 vers.
692 3161 717 3196 4
741 3163 783 3200 et
811 3162 845 3197 5.

1925 3311 2005 3360 be
